3210 5300
341 403 407 477 ³362
601 432 628 480 o.
650 427 752 472 roaros
774 429 802 478 o.
824 429 851 471 r.
873 428 901 477 u.
923 427 952 471 rt.
973 427 1066 472 trano
1084 410 1160 492 (tr).

346 623 378 675 et
408 619 531 674 constat
558 630 596 672 ex
623 606 725 672 Fastis
754 618 864 672 nostro
891 605 1027 672 alterum
1048 605 1131 672 illud
1151 629 1328 699 cognomen
1349 634 1414 678 non

345 723 462 802 fuisse;
484 721 560 787 bino
581 719 765 784 dubitanter
784 740 860 785 eum
879 718 1020 785 medium
1039 719 1071 784 iu
1091 719 1176 785 bano
1189 721 1343 790 familiam
1360 725 1413 791 iu-

346 836 496 915 terserui‚
519 830 652 900 meliora
672 831 804 898 ednotus
824 831 918 898 facile
939 833 1128 901 sententiam
1146 847 1336 904 mutaturus.

389 948 490 1028 Anni,
512 969 571 1037 per
589 967 670 1036 quos
684 944 858 1010 honoribus
875 945 1004 1011 lunotus
1020 957 1080 1026 est,
1100 947 1321 1014 demonstrant
1334 972 1410 1017 eum

343 1062 510 1152 aequalem
529 1059 626 1124 luisse
648 1057 684 1140 Q.
705 1057 797 1123 Fabii
818 1057 947 1124 Maximi
968 1059 1040 1146 (42)
1060 1060 1117 1149 qui
1137 1083 1221 1125 anuo
1242 1064 1308 1128 558
1323 1085 1411 1128 mor·

344 1187 417 1241 tuus
448 1186 495 1239 est
527 1184 698 1263 antequam
729 1164 885 1237 bonorem
913 1172 1073 1261 gessisset,
1102 1194 1227 1239 neeuon
1255 1174 1292 1257 Q.
1319 1175 1413 1242 Fabii

340 1287 469 1357 Maximi
498 1289 568 1377 (43)
597 1285 750 1375 praetoris
771 1290 854 1364 573,
879 1307 1017 1375 quorum
1035 1285 1134 1351 irater
1151 1287 1308 1354 maximus
1329 1299 1409 1354 natu

342 1402 469 1480 fuisset,
487 1398 576 1489 atqui
592 1421 691 1490 nepos
705 1396 908 1464 cunctatoris
918 1390 957 1463 ex
969 1397 1064 1464 huius
1075 1399 1142 1465 lilio
1154 1400 1313 1466 consulari
1326 1402 1412 1492 (37).

387 1515 476 1580 Haeo
498 1513 571 1578 satis
592 1511 772 1578 verisimilia
801 1523 893 1592 suut,
918 1511 973 1577 sed
999 1512 1160 1578 falluntur
1185 1514 1242 1603 qui
1266 1526 1412 1580 nostrum

342 1639 453 1694 eontra
469 1626 637 1693 Fastorum
654 1623 872 1691 testimonium
888 1625 1061 1693 Maximum
1079 1626 1242 1706 dixerunt3
1266 1649 1325 1692 neo
1341 1650 1413 1692 me-

341 1740 429 1807 lioris
447 1739 547 1829 frugis
568 1750 615 1804 est
634 1737 741 1827 opinio
759 1760 892 1817 eorum,
917 1739 974 1828 qui
991 1761 1064 1804 eum
1083 1737 1119 1822 Q.
1132 1739 1225 1804 Fabii
1241 1739 1412 1806 Aemiliani

341 1853 472 1922 Maximi
495 1853 565 1941 (48)
586 1862 708 1941 patrem
727 1849 865 1931 habent,
890 1864 960 1932 aut,
984 1864 1020 1918 nt
1038 1852 1183 1927 Kraftius
1200 1853 1310 1944 ponit,
1335 1851 1411 1919 Ser-

342 1966 452 2033 viliani
479 1967 570 2054 (49),
601 1963 705 2029 obstat
732 1964 818 2030 enirn
844 1963 924 2029 illud
946 1965 1051 2054 ipsum
1072 1987 1259 2054 cognomen.
1307 1966 1410 2049 Quem

344 2102 482 2145 errorem
512 2089 549 2143 ut
575 2078 689 2144 ritaret
723 2074 878 2157 Orellius,
907 2077 940 2142 in
969 2078 1068 2145 alium
1092 2079 1249 2144 aberravit
1269 2079 1410 2145 scribens

341 2192 557 2259 Aemilianum
577 2216 593 2257 a
616 2189 809 2257 Cunctatore
836 2213 902 2256 esse
923 2189 1127 2282 adoptatum3
1150 2203 1183 2255 at
1207 2191 1309 2258 bonus
1329 2193 1411 2259 Ver·

339 2328 471 2372 ruoosus
485 2307 548 2371 iam
564 2304 674 2371 deoem
696 2304 786 2369 annis
801 2316 974 2394 antequam
993 2304 1188 2373 Aemilianus
1205 2317 1297 2372 natus
1311 2320 1408 2387 esset,

341 2431 486 2486 mortuus
507 2431 607 2510 atque
627 2419 813 2484 combustus
833 2429 909 2484 erat.

654 2603 672 2688 §
698 2605 729 2667 3.
780 2599 947 2688 Quaestor
971 2605 1037 2668 558
1064 2613 1088 2667 ¹.

385 2756 463 2831 Noli
477 2768 587 2821 eontra
602 2756 756 2822 disertum
773 2757 855 2824 Livii
870 2758 1087 2824 testimonium
1099 2756 1194 2825 buius
1204 2760 1279 2824 anni
1292 2782 1407 2850 quaes·

339 2882 441 2937 turam
466 2868 607 2933 tribuere
632 2869 669 2952 Q.
690 2868 791 2935 Fabio
811 2869 949 2936 Maximo
970 2873 1059 2958 (l3l;
1083 2883 1204 2936 serrata
1226 2884 1300 2936 sunt
1320 2872 1407 2937 enim

317 2992 542 3073 ‚quaestorum
561 2981 690 3047 nomina
711 2982 772 3046 hoe
792 3003 894 3061 anno,
919 2982 1007 3073 quod
1026 2982 1087 3047 hae
1106 2981 1146 3049 de
1164 3005 1258 3050 eausa
1276 2984 1404 3052 oceidit.

339 3094 489 3180 Quaestio
511 3106 584 3160 erat
613 3095 654 3161 de
682 3095 835 3184 pecunia,
859 3096 949 3161 euius
969 3096 1002 3161 in
1024 3096 1148 3162 bellum
1170 3097 1304 3163 collatae
1323 3098 1404 3163 ulti·

337 3231 423 3276 mam
451 3209 638 3299 pensionem
668 3208 806 3299 persolvi
833 3208 962 3298 privatis
989 3208 1165 3300 placuerat.
1214 3211 1307 3276 Anno
1337 3215 1404 3277 544

337 3345 454 3414 nempe
487 3322 527 3388 ad
555 3322 679 3387 bellum
710 3321 883 3413 gerendum
912 3344 991 3388 onus
1016 3323 1128 3388 tributi
1148 3323 1254 3389 denuo
1274 3324 1407 3414 imposi-

338 3448 405 3502 tum
438 3457 538 3526 quum
568 3436 691 3524 gravius
721 3436 831 3514 fieret,
865 3435 987 3526 plaeuit
1014 3436 1183 3527 pecuniam
1209 3437 1406 3529 reipublicae

335 3561 482 3615 mutuam
508 3549 583 3614 dare
604 3560 634 3628 ²,
658 3561 726 3614 tum
746 3572 830 3614 anno
853 3552 917 3615 550
938 3548 1102 3615 decretum
1122 3562 1186 3629 est,
1212 3562 1247 3614 ut
1267 3549 1404 3618 collatae

335 3664 410 3729 illae
428 3663 584 3753 pecuniae
604 3663 705 3728 tribus
724 3658 931 3753 pensionibus
949 3661 1159 3727 redderentur
1180 3675 1210 3743 ⁸,
1234 3662 1297 3729 hoo
1316 3687 1401 3729 anno

336 3788 369 3842 et
390 3782 457 3843 554
478 3787 510 3841 et
530 3778 610 3854 5523
633 3774 747 3840 harum
767 3774 907 3841 secunda
925 3775 958 3841 in
977 3781 1043 3841 554
1062 3774 1161 3840 dilata
1180 3787 1226 3842 est
1242 3782 1273 3856 ⁴,
1298 3799 1401 3867 quum

337 3889 403 3979 agri
430 3889 558 3980 privatis
588 3889 736 3979 assignati
762 3900 836 3955 sunt
859 3908 917 3978 pro
935 3888 1085 3979 pecunia,
1111 3912 1192 3980 quae
1213 3889 1400 3971 deficiebat,

335 4003 399 4069 iam
423 4002 510 4068 nuno
535 4025 613 4092 opus
637 4015 705 4069 erat
730 4003 868 4070 nummis
887 4002 927 4069 ad
950 4003 1094 4071 ultimam
1115 4003 1299 4072 solvendam
1317 4028 1399 4095 pen·
1443 4024 1449 4033 ·

337 4137 469 4183 saonem.

363 4385 384 4453 ι)
401 4387 459 4438 mv.
477 4386 611 4438 xxxam
629 4395 672 4442 42.
724 4386 747 4459 ¹)
761 4390 819 4442 nra.
838 4390 942 4444 xxvr.
961 4397 1008 4455 ae,
1028 4396 1069 4443 xe.
1122 4388 1143 4458 η
1160 4392 1217 4444 arv.
1237 4391 1340 4445 xxxx.
1364 4397 1406 4444 aa.

328 4469 349 4540 ⁴)
366 4471 423 4525 aas.
441 4470 547 4526 xxxo
568 4477 609 4526 ra.
