3190 5304
664 483 829 528 russea.

720 664 789 730 LII.

259 817 385 884 Ibidem
415 818 458 881 28
487 819 504 901 §
534 816 592 879 76:
626 814 827 881 »Arcessisit
857 814 1009 904 aliquem.
1060 814 1101 880 At
1125 814 1282 905 quando?

217 930 403 998 »Nuntium
435 929 528 994 misit.
578 927 679 1012 Quem
715 940 770 993 aut
802 927 841 992 ad
874 932 1001 1018 quem'',
1033 928 1216 1020 recipienda
1236 941 1283 995 est

216 1046 314 1110 altera
343 1042 453 1108 leutio:
485 1041 686 1108 »Arcessirit
714 1041 863 1131 aliquem.
916 1041 1018 1129 Quem
1041 1053 1102 1107 aut
1127 1043 1281 1134 quando?

214 1157 401 1222 »Nuntium
425 1155 521 1221 misit.
571 1154 672 1238 Quem
696 1167 751 1220 aut
774 1154 814 1220 ad
840 1158 966 1244 quem.''

706 1310 790 1378 LIII.

258 1456 380 1524 Ibidem
413 1461 454 1524 45
486 1459 605 1542 §1302
641 1456 739 1546 »Ego
765 1478 884 1546 quaero
905 1479 1002 1546 quare
1021 1458 1190 1548 eliquanto
1210 1474 1283 1550 post

219 1593 314 1637 »eam
347 1570 432 1636 diem
465 1571 637 1648 venierint,
670 1592 752 1659 quae
781 1570 854 1635 dies
876 1569 908 1634 iu
929 1569 1000 1660 lege
1020 1572 1188 1662 praefinita
1206 1576 1281 1653 est'',

214 1695 397 1775 suspectum
416 1694 463 1747 est
483 1683 620 1748 otiosum
641 1681 724 1747 illud
743 1682 826 1748 dies.

707 1860 789 1930 LIV.

235 2034 238 2037 ’
261 2015 353 2107 Apud
379 2015 518 2082 eundem
529 2039 600 2107 pro
620 2015 726 2081 Balbo
750 2018 786 2080 11
810 2020 829 2102 §
850 2020 910 2083 28:
944 2017 1089 2108 »Neque
1108 2021 1194 2085 enirn
1214 2023 1281 2089 sine

215 2151 337 2196 >reama
365 2128 406 2195 de
439 2126 498 2193 Cu.
520 2129 674 2195 Publicio
693 2128 905 2208 Menandro,
924 2151 1019 2219 quem
1041 2130 1127 2221 apud
1147 2134 1282 2200 maiores

216 2242 341 2330 »legati
357 2242 456 2307 nostri
472 2243 505 2306 iu
525 2240 688 2307 Graeciam
705 2242 944 2331 proficiscentes
955 2244 1161 2332 interpretem
1173 2268 1282 2312 seeum

134 2406 139 2425 ,
215 2353 362 2420 »habere
391 2355 579 2432 voluerunt,
611 2353 650 2418 ad
672 2354 832 2445 populum
852 2353 953 2421 latum
973 2367 1009 2421 ut
1031 2361 1064 2420 is
1088 2359 1281 2440 Publicius,

215 2470 269 2533 »si
291 2468 422 2534 domum
443 2468 613 2533 revenisset
634 2478 665 2532 et
686 2468 762 2533 inde
782 2469 919 2534 Romam
937 2466 1099 2549 rediisset,
1118 2494 1158 2537 ue
1173 2472 1280 2539 miuus

215 2582 318 2648 »ciris
342 2584 452 2660 esset'’,
478 2602 621 2669 expungo
638 2582 834 2661 Publicius,
861 2581 950 2671 quod
970 2605 1088 2649 nomeu
1108 2585 1211 2652 Ieetor
1230 2587 1291 2652 ni·'

214 2695 274 2761 mis
297 2694 472 2761 benevolus
496 2692 671 2783 adscripsit.

719 2843 783 2913 LV.

262 2993 355 3084 Apud
387 2992 524 3060 eundem
552 2997 591 3058 in
609 2995 767 3060 Pisonem
789 2996 886 3081 VII§
912 2998 970 3063 16:
996 2998 1055 3063 »A
1076 3022 1128 3066 rne
1149 3000 1281 3091 quidem

217 3107 342 3170 »etiam
379 3130 495 3193 poenas
532 3108 709 3196 expetistis,
752 3108 868 3197 quibus
897 3110 1135 3178 coniuratorum
1166 3139 1282 3180 munes

218 3224 450 3281 »m0rluorum
479 3219 675 3307 expiaretis'',
701 3220 807 3284 miuus
826 3231 912 3285 reete
940 3221 1079 3288 OreIIius
1104 3225 1137 3289 in
1160 3238 1280 3294 textum

217 3331 335 3419 recepit
355 3329 510 3421 glossema
529 3339 741 3395 mortuorum.

707 3487 788 3559 LVI.

260 3632 355 3724 Apud
367 3632 528 3703 Velleium
545 3635 586 3700 II.
601 3638 663 3702 114
676 3635 692 3720 ὃ
707 3637 741 3698 2:
777 3634 883 3700 »Erat
901 3633 1155 3705 desiderantibus
1166 3666 1280 3732 pare·

216 3756 313 3812 >rtem
335 3750 481 3813 z'unrtum
501 3747 714 3827 rehiequm’',
733 3747 895 3814 abundare
914 3748 1039 3816 ridetur
1059 3756 1212 3822 iunctum.

702 3899 800 3969 LVII.

259 4047 381 4113 Plinius
403 4048 517 4138 Epist.
537 4052 576 4116 ΙΙ.
600 4054 637 4116 11
659 4054 746 4136 §10t
773 4051 907 4117 »Dilata
918 4076 968 4119 res
984 4065 1030 4119 est
1046 4054 1079 4119 iu
1098 4058 1278 4146 proximum

215 4173 406 4241 menatem,
430 4162 520 4226 euius
538 4163 605 4252 ipse
626 4177 815 4254 conspectus
833 4166 1070 4254 augustissimus
1086 4170 1157 4237 fuit.
1189 4173 1280 4238 Priu-

216 4295 318 4362 »eeps
344 4274 564 4364 praesidebat,
599 4286 676 4341 erat
704 4281 791 4342 em'm
819 4281 974 4356 eonsul,‘”
1004 4280 1043 4345 ad
1066 4285 1205 4352 amioum
1224 4310 1278 4352 ae·

214 4385 343 4474 qualem
370 4386 508 4454 scribens
535 4411 600 4456 non
624 4389 781 4458 addidisse
802 4389 926 4460 ridetur
945 4414 1072 4462 eausam
1092 4419 1150 4464 eur
1170 4399 1278 4466 Traia·

212 4519 272 4563 nus
296 4499 498 4588 praesideret.
