3194 5302
245 4476 263 4513 Ο

330 456 372 520 68
452 478 483 522 n.
496 474 598 520 esurus
610 477 637 528 o.
651 476 677 520 n.
689 475 719 519 u.
732 475 760 519 n.
772 474 933 519 alcoranus
944 457 999 540 (6).
1017 456 1038 540 ᾗ
1054 458 1078 522 t.
1090 475 1284 521 annaraoors.

339 653 455 720 deinde
473 652 578 744 plebis
597 652 764 730 invidiam,
788 651 825 718 L.
843 652 966 719 Siccius
985 664 1131 719 strenuus
1149 654 1241 719 miles
1259 651 1403 719 crudeli¹

339 779 388 833 ter
406 780 536 833 necatus
554 779 601 834 est
623 782 631 817 ¹
656 767 742 832 iussu
763 765 1031 845 decemvirorum,
1055 766 1172 857 quibus
1190 767 1308 832 invisus
1324 778 1406 846 eret;

340 878 435 945 huius
465 880 575 946 mortis
598 901 692 945 causa
713 902 779 944 esse
798 880 919 968 potuit,
950 878 1035 969 quod
1057 880 1277 945 contumacior
1296 879 1406 947 fuisset

340 1014 466 1059 necnon
485 1006 617 1085 propter
637 993 760 1083 egregia
781 992 863 1059 facte
881 992 1057 1083 potentior,
1080 994 1136 1082 qui
1156 1015 1197 1058 ne
1216 995 1299 1059 forte
1318 994 1407 1083 prin-

342 1128 416 1197 ceps
445 1109 536 1173 fieret
566 1108 713 1173 adversae
743 1104 907 1184 factionis,
935 1107 1122 1172 interemtus
1153 1119 1200 1172 est
1231 1107 1321 1172 iussu
1350 1105 1409 1172 dc·

342 1218 473 1285 cemriri
492 1221 599 1285 nescio
621 1221 727 1299 cuius,
747 1220 802 1309 qui
820 1219 990 1310 imperium
1010 1220 1043 1284 in
1062 1241 1135 1285 eum
1153 1218 1302 1285 habebat.
1334 1217 1408 1284 Sta·

340 1331 395 1395 bat
422 1331 464 1394 in⁴
484 1329 625 1408 Sabinis,
655 1329 709 1394 sed
730 1328 789 1394 sub
808 1352 908 1419 quoe
928 1330 1029 1395 tribus
1049 1329 1235 1396 decemviris
1256 1330 1409 1396 militaret

341 1444 516 1522 nescimus,
540 1442 617 1508 hinc
634 1442 786 1507 incertior
803 1443 933 1507 omnino
952 1456 999 1508 est
1018 1442 1156 1508 Haalrbii
1172 1444 1323 1534 suspicio,
1353 1445 1410 1534 qui

342 1556 442 1622 Fabio
470 1555 555 1621 istud
576 1555 697 1620 crimen
720 1555 849 1635 tribuit;
879 1577 937 1620 uec
967 1557 1000 1620 in
1029 1556 1082 1635 iis,
1111 1578 1195 1646 quae
1212 1549 1410 1622 inde'dedu-

346 1670 408 1748 cit,
437 1691 489 1734 me
508 1667 607 1733 habet
627 1668 682 1732 ille
702 1666 924 1732 assentientem
946 1666 986 1731 de
1008 1665 1204 1756 praeiudicio
1229 1666 1310 1733 Livii
1331 1688 1409 1732 con·

342 1795 391 1849 tra
421 1782 554 1847 Fabium
586 1780 785 1870 Fabiosque,
821 1780 873 1843 coi
903 1781 949 1844 rei
978 1802 1086 1845 ansam
1119 1778 1257 1847 dedisset
1286 1780 1411 1859 Pictor;

343 1895 492 1986 equidem
530 1917 592 1960 non
630 1893 743 1972 credo,
786 1892 929 1958 universe
964 1893 1047 1958 male
1081 1894 1261 1959 audiebant
1301 1916 1414 1959 omnes

342 2010 391 2076 itti
414 2009 534 2074 decem.

391 2122 476 2212 App.
494 2120 621 2186 Claudii
638 2119 740 2185 libido
762 2120 837 2185 huic
857 2141 956 2209 regno
975 2118 1070 2185 tinem
1090 2121 1278 2210 imposuisse
1295 2120 1414 2200 fertur,

343 2236 380 2300 iit
410 2256 515 2309 rerum
545 2235 697 2312 motatio,
727 2234 875 2299 consules
903 2233 943 2298 de
974 2256 1056 2300 novo
1089 2246 1251 2312 creantur,
1281 2233 1321 2299 ab
1348 2232 1415 2300 boc

343 2349 418 2416 iude
446 2362 590 2438 tempore
619 2371 684 2412 non
714 2349 850 2438 arnpiius
879 2359 1041 2437 praetores
1071 2346 1235 2439 appellati.
1290 2348 1416 2438 Appius

343 2462 402 2527 sibi
433 2476 568 2526 mortem
597 2460 766 2538 conscivit,
802 2458 928 2550 Oppius
954 2462 987 2524 in
1017 2458 1171 2525 iudicium
1197 2472 1326 2526 vocatus
1351 2460 1415 2526 sibi

344 2577 440 2641 finem
465 2576 545 2642 ritae
576 2573 667 2653 iecit,
697 2574 791 2639 bonis
809 2596 918 2639 eorum
938 2574 1126 2664 publicatis3
1150 2574 1247 2639 ceteri
1271 2573 1416 2664 collegae

344 2688 555 2755 damnationis
584 2711 676 2752 causa
705 2687 813 2751 solum,
836 2698 1012 2765 verterunt,
1036 2709 1173 2776 quorum
1199 2686 1282 2751 bone
1301 2687 1415 2753 itidem

345 2801 509 2891 publicata
529 2800 680 2889 suspicor.
728 2797 781 2864 Sic
802 2800 920 2866 Fabius
942 2811 1030 2866 extra
1049 2802 1202 2890 petriam,
1229 2823 1325 2891 quam
1344 2824 1417 2867 sae-

345 2915 418 3005 pius
446 2926 572 2979 strenue
601 2911 804 2990 defenderat,
838 2913 922 2979 diem
953 2914 1031 2978 obiit
1057 2936 1255 3005 snprernum3
1279 2914 1332 2979 sed
1355 2914 1417 2981 filii

345 3028 412 3091 eius
432 3027 553 3092 Romae
574 3038 776 3104 manserunt,
801 3049 882 3115 quos
896 3049 969 3091 mor
992 3026 1168 3092 ridebimus
1187 3038 1313 3092 strenue
1330 3049 1418 3092 rem·

343 3137 505 3229 publicam
535 3137 806 3217 administrantem
849 3132 922 3204 narn
952 3161 1015 3203 non
1046 3139 1191 3204 solebant
1216 3139 1354 3205 Romani
1382 3141 1418 3205 in

345 3252 428 3317 filios
458 3274 588 3342 quoque
620 3251 886 3330 animadvertere,
916 3274 1015 3341 quum
1036 3262 1141 3342 patres
1164 3275 1283 3343 poenas
1304 3251 1421 3319 darent

347 3365 397 3430 vei
415 3367 605 3455 gravissimis
624 3365 666 3429 de
687 3365 874 3442 sceleribus,
904 3364 1003 3430 semel
1024 3376 1149 3430 tanturn
1172 3365 1235 3432 tale
1257 3365 1334 3456 qnid
1357 3366 1422 3430 sub

347 3476 436 3543 Solia
460 3479 610 3544 accidisse
630 3490 714 3544 recte
735 3479 879 3544 observat
900 3478 1071 3566 Dionysius
1089 3492 1114 3544 ².

798 3659 957 3668 ——--—-=

745 3751 923 3861 esaon
954 3749 1017 3826 vr.

487 3904 619 3952 nsanos
641 3903 759 3953 saurus
784 3904 813 3963 o.
838 3904 866 3950 a.
893 3902 926 3951 rr.
951 3903 980 3951 n.
1005 3902 1190 3949 arnotinus
1215 3884 1275 3974 (6).
1365 3942 1368 3949 .

715 4041 732 4123 §
761 4041 787 4101 l.
839 4035 1052 4126 Genealogio.

397 4173 443 4237 Er
463 4185 548 4237 certa
570 4173 751 4237 coniectura
776 4172 845 4236 erui
865 4183 970 4262 potest
990 4169 1121 4235 huiusce
1141 4181 1247 4259 pater,
1272 4190 1345 4232 nam
1368 4191 1425 4235 so-

352 4288 400 4352 los
422 4285 558 4370 Quintus
577 4288 657 4375 (5),
676 4285 800 4374 dequo
821 4285 918 4350 modo
941 4282 1092 4363 uidimus,
1119 4281 1267 4348 excinde
1289 4281 1425 4349 Creme-

380 4527 398 4596 ι)
417 4531 474 4579 mv.
492 4530 543 4578 111.
564 4533 610 4586 aa,
629 4528 704 4577 nnn.
723 4529 784 4579 arn.
804 4526 853 4578 x1.
873 4531 985 4609 25-27.
1056 4526 1077 4593 η
1095 4529 1171 4579 v111.
1193 4530 1232 4577 ao.
