3190 5304
268 464 289 550 §
300 468 328 530 7.
341 481 397 530 cuo
407 485 537 530 cursous
548 465 617 529 610.
635 464 656 549 6
668 466 697 529 8.
717 484 847 529 necinus
860 486 897 529 ro
908 486 1080 533 nouaurrru
1091 470 1161 533 620.
1214 474 1274 535 389

194 663 284 736 unico
304 662 426 738 Αὔλου,
453 661 540 752 quod
561 663 699 728 librariis
717 658 836 752 ignosci
858 674 963 755 potest
983 688 1047 731 non
1065 688 1140 735 rero
1156 665 1261 732 edito-

189 774 295 851 ribus,
328 776 385 865 qui
414 775 494 840 illud
524 779 621 841 66τοῦ
648 775 687 840 66
711 775 897 866 Pompeium
921 777 1125 844 referendum
1150 780 1262 847 crede·

189 886 285 968 bant,
310 910 347 953 ex
367 884 489 953 ratione
509 888 714 978 grammatica
736 889 859 955 etiamsi
881 890 927 955 nil
948 892 1046 980 magis
1067 892 1239 958 absurdum
1251 943 1260 972 ,

190 999 245 1065 scd
274 998 337 1065 hoc
365 1022 430 1066 uon
461 1011 559 1089 agunt
586 1001 655 1080 illi,
679 1002 796 1092 quibus
815 1003 890 1068 satis
911 1002 1079 1070 ridebatur
1100 1006 1260 1071 monuisse

189 1112 328 1178 »multis
347 1113 451 1178 modis
471 1125 639 1204 corruptus
659 1114 779 1181 locus.''
828 1112 911 1198 Quid
932 1140 1050 1207 quaeso
1067 1118 1165 1208 magis
1183 1141 1258 1209 per·

165 1261 170 1268 ·
186 1225 330 1315 spicuum
343 1249 409 1291 esse
420 1238 525 1317 potest
532 1275 541 1306 ,
559 1248 656 1316 quam
677 1238 712 1292 ut
725 1227 882 1317 legamus:
907 1231 960 1293 sal
976 1229 1053 1297 τάδε
1068 1231 1126 1308 μὲν
1142 1230 1155 1293 ὁ
1175 1229 1258 1295 Mol-

184 1337 294 1415 ξιμος
314 1340 397 1418 r’py„
422 1351 456 1404 ut
472 1363 545 1405 eum
563 1339 643 1405 dixit
660 1340 765 1431 capite
781 1344 823 1408 65
846 1341 970 1421 medio,
992 1353 1047 1407 aut
1068 1343 1154 1433 quod
1176 1343 1256 1408 milri

186 1451 285 1539 magis
304 1450 422 1516 arridet
442 1452 455 1515 ὂ
479 1453 525 1517 Al
532 1452 699 1531 u'rtravo'
705 1479 737 1529 ς,
761 1468 793 1520 et
814 1454 960 1545 llppiauo
981 1477 1074 1520 suum
1093 1454 1255 1521 redditum

186 1563 263 1641 erit,
287 1563 409 1651 opinor.
456 1561 511 1628 Nil
534 1565 619 1630 enim
638 1566 754 1632 attinet
772 1566 884 1633 seriem
905 1567 1050 1633 locorum
1070 1569 1181 1634 afferre
1200 1569 1258 1634 ubi

186 1672 264 1740 haec
277 1673 341 1740 duo
352 1677 482 1741 nomina
498 1689 678 1767 permutata
691 1690 781 1758 sunt,
797 1703 869 1744 nam
882 1681 957 1745 satis
966 1703 1076 1746 eorum
1089 1678 1256 1770 Schweig-

185 1784 301 1878 hauser
320 1790 430 1855 attulit
451 1790 485 1854 in
511 1790 667 1857 Varietate
689 1792 851 1858 Lectionis
873 1815 942 1884 cap.
966 1798 1008 1860 69
1029 1805 1061 1858 et
1083 1798 1141 1872 70,
1166 1794 1253 1883 quod

185 1900 339 1968 facillime
368 1902 580 1992 intelligitur,
613 1927 713 1995 quum
740 1905 826 1970 enim
851 1905 949 1970 semel
971 1906 1004 1970 iu
1024 1903 1112 1970 hunc
1132 1928 1252 1972 aunum

153 2094 156 2098 λ
181 2012 297 2102 pedem
325 2016 486 2082 intulisset
513 2017 729 2097 Aemilianus,
754 2018 875 2083 librarii
895 2039 959 2108 qua
981 2031 1055 2083 sunt
1085 2017 1251 2107 diligentia

181 2136 278 2216 atque
296 2131 472 2195 constantia
489 2152 747 2221 nonnumquam,
768 2130 948 2196 Aemiliano
960 2131 1156 2210 tribuerunt,
1168 2135 1251 2220 quae

183 2235 393 2324 Servilianum
417 2264 502 2307 anuo
521 2245 587 2307 613
607 2243 706 2331 egisse
727 2242 853 2308 statim¹
880 2241 1068 2310 ridebimus.

322 2427 350 2510 'l
376 2430 405 2491 8·
460 2404 624 2514 [legatus
647 2423 698 2528 ud
717 2424 938 2490 Numantiam
964 2427 1030 2525 620
1050 2423 1090 2514 ².]

225 2578 351 2645 Bellum
374 2578 606 2647 Numantinum
626 2579 702 2646 inde
719 2582 760 2647 ab
779 2604 864 2647 anno
881 2586 944 2649 611
966 2581 1104 2647 Romani
1120 2593 1247 2646 strenue

176 2706 340 2781 gesserunt
361 2707 471 2759 contra
495 2693 652 2783 Hispanos
672 2705 770 2784 atque
788 2693 985 2773 Viriathum,
1009 2693 1096 2784 quod
1117 2693 1245 2760 tandem

174 2807 241 2871 620
271 2805 410 2872 confecit
439 2803 548 2897 Scipio
578 2807 690 2872 consul
712 2805 766 2886 ll,
788 2818 958 2898 postquam
982 2830 1039 2898 per
1062 2811 1246 2875 ramesses

173 2918 284 2984 urbem
311 2930 523 3010 oppugnasset
548 2931 645 3010 atque
669 2918 854 2986 delevisset:
889 2918 981 3004 Quod
1004 2920 1161 3011 oppidum
1184 2922 1244 2987 oh-

172 3031 289 3098 sidenti
320 3033 437 3099 Fabius
469 3044 575 3100 noster
604 3033 695 3098 fratri
726 3034 863 3099 adfuisse
891 3034 992 3099 fertur
1013 3034 1068 3098 uni
1091 3035 1245 3100 exercitui

170 3144 389 3235 praepositus,
423 3142 499 3209 dum
529 3144 598 3234 ipse
628 3144 721 3210 alteri
752 3156 906 3235 praeerat.
963 3144 1085 3212 Urbem
1111 3146 1242 3213 inclusit

170 3258 323 3347 valloque
361 3255 572 3322 circumdedit
604 3268 724 3346 septem
757 3257 894 3322 castellis
931 3256 1116 3336 exstructis,
1160 3283 1242 3348 quae

171 3372 268 3460 opera
298 3370 373 3435 satis
401 3392 515 3458 magna
542 3369 586 3433 ita
608 3368 760 3458 perfecit,
784 3381 820 3433 ut
840 3369 990 3459 bipartito
1008 3371 1147 3435 exercitu
1169 3396 1240 3462 pars

169 3470 321 3549 hostium¹
347 3484 505 3574 impetum
540 3494 680 3561 arceret,
714 3505 787 3572 pars
823 3483 934 3548 urbem
965 3483 1239 3564 circumvallaret,

168 3594 259 3684 quod
292 3617 350 3686 per
384 3594 605 3660 brevissimum
636 3593 787 3684 temporis
817 3594 954 3683 spatium
987 3615 1087 3683 quum
1117 3593 1238 3660 factum

169 3721 271 3787 esset,
300 3709 396 3774 facile
422 3709 528 3799 coligit
556 3706 769 3773 Numantinos
790 3707 873 3772 same
893 3728 1016 3796 pressos
1036 3705 1076 3770 ad
1098 3706 1237 3772 deditio-

166 3845 260 3901 nem,
284 3823 400 3913 quibus
411 3823 471 3888 sub
492 3843 610 3888 corona
632 3818 767 3885 venditis
777 3829 809 3885 et
821 3822 864 3884 60
876 3819 1039 3884 reservatis
1058 3819 1236 3909 triumpho,

82 3992 86 3997 .
168 3935 284 4002 urbem
307 3934 374 4003 solo
398 3936 555 4026 aequarit.

215 4048 303 4115 llaec
334 4048 513 4138 Appianus,
546 4071 642 4139 quern
668 4057 809 4112 nostrum
836 4046 896 4111 sibi
915 4046 1066 4126 voluisse,
1091 4046 1235 4114 noudum

163 4183 351 4254 persuasum
363 4160 442 4225 mihi
454 4174 502 4227 est
508 4184 516 4241 3
532 4161 610 4226 dicit
621 4184 693 4227 eum
714 4161 767 4225 cdo
786 4158 925 4243 ἀδελφόν
938 4159 1112 4251 Scipionis,
1125 4185 1233 4227 rerum

158 4298 230 4341 non
255 4273 352 4340 credo
377 4274 576 4340 consularem
605 4286 747 4340 nostrum
776 4273 928 4340 militasse
955 4274 1014 4340 sub
1040 4274 1136 4340 fratre
1154 4287 1231 4341 natu

191 4523 211 4593 ¹)
229 4525 269 4576 Cs.
287 4525 349 4589 cap.
367 4540 406 4575 xrr
424 4525 437 4591 0
456 4531 470 4579 2
489 4525 562 4576 huius
579 4527 665 4587 Libri,
682 4542 707 4591 p.
725 4532 786 4577 392.
840 4522 860 4591 ²)
878 4526 946 4592 App.
965 4524 1040 4591 Hisp.
1060 4531 1101 4576 00.
