3212 5294
343 465 363 548 ᾗ
386 469 414 527 5.
436 483 584 528 rareuaax
606 465 750 547 aestate.
772 466 792 548 ς
813 467 843 528 6.
863 485 1006 530 urcrrruu
1027 468 1052 530 I.
1072 469 1143 535 439.
1223 471 1283 534 243

211 661 348 739 colonis,
381 662 467 753 quud
496 662 600 729 fraudi
625 663 716 729 Atilii
737 661 876 730 Calatini
896 664 1054 756 tributum
1081 689 1147 733 esse
1170 689 1243 734 mox
1265 678 1275 716 ¹

210 775 404 859 ridebimus3
430 775 572 843 Saticula
592 778 686 868 potiti
708 790 781 843 sunt
799 777 936 845 Romani
955 779 1081 846 nonnisi
1100 792 1172 871 post
1190 794 1278 847 atro-

208 890 325 955 ciorem
346 912 496 980 pugnam.
544 889 724 959 Summorit
743 914 830 958 nuuc
851 891 1009 959 Samnites
1029 892 1142 959 Aulius
1161 896 1278 984 magis-

209 1015 257 1070 ter
274 1004 439 1094 equitum,
462 1005 519 1094 qui
539 1006 572 1070 in
595 1004 750 1072 ferociure
765 1028 872 1096 pugna
888 1004 997 1071 hostili
1017 1006 1148 1098 cuspide
1169 1009 1278 1074 erani-

208 1119 267 1184 mis
288 1141 372 1209 equo
385 1119 609 1210 praecipitatus
625 1131 681 1186 est
714 1119 783 1185 Hac
802 1120 983 1186 calamitate
1000 1119 1121 1186 incensi
1139 1121 1277 1187 Romani

207 1232 406 1298 trucidarunt
428 1230 619 1298 Samnitium
640 1232 775 1310 ducem,
803 1233 1003 1323 victoresque
1028 1255 1066 1299 er
1090 1230 1150 1298 hac
1170 1256 1277 1324 pugna

208 1344 357 1411 feruntur
376 1345 570 1424 discessisse,
594 1358 690 1437 atque
709 1344 885 1412 Saticulam
906 1346 1040 1436 cepisse,
1071 1369 1165 1437 quam
1186 1346 1280 1413 Sam·

207 1458 288 1524 nites
308 1458 434 1525 missam
454 1458 597 1524 fecerant
616 1459 654 1523 ad
677 1459 819 1524 Plistiam
843 1457 1051 1523 obsidendam
1071 1459 1195 1524 reversi

253 1570 353 1637 Caute
375 1585 479 1638 tamen
502 1570 581 1637 haec
601 1572 685 1637 lama
704 1570 891 1661 accipienda
911 1582 973 1648 est,
1002 1594 1075 1636 uam
1098 1569 1206 1637 Livius
1226 1572 1278 1638 in·

205 1707 309 1775 genua
340 1684 457 1749 fatetur
484 1706 516 1748 se
546 1682 708 1748 miscuisse
734 1681 818 1748 hanc
845 1705 987 1772 pugnam
1014 1705 1087 1749 cum
1113 1683 1211 1749 altera
1236 1685 1280 1751 ad

205 1797 359 1866 Lautulas
377 1796 563 1876 commissa,
594 1796 635 1862 de
655 1819 717 1887 qua
736 1796 842 1862 statim
866 1796 1050 1863 ridebimus.
1099 1797 1184 1863 Hinc
1208 1799 1278 1890 ipsc

204 1910 299 1977 Livio
311 1923 454 1987 auctore,
473 1932 533 1975 nec
542 1910 727 1976 adversante
738 1909 890 1989 Diodoro,
907 1910 1044 1976 conficio
1056 1933 1121 1975 uon
1139 1910 1278 1978 adfuisse

202 2026 237 2090 in
257 2049 293 2090 ea
313 2048 421 2116 pugna
446 2022 576 2090 dulium
596 2023 797 2113 magistrum,
826 2045 922 2114 quem
948 2036 1026 2089 tunc
1046 2024 1193 2090 neudum
1212 2046 1281 2091 ma·

203 2140 371 2228 gistratum
396 2138 503 2203 ⁴iniisse
524 2135 675 2225 suspicor.
723 2134 794 2201 Nun
818 2138 887 2200 sine
911 2137 1011 2202 atroci
1028 2159 1135 2226 pugna
1158 2137 1278 2204 Ruma-

204 2276 263 2319 nos
284 2251 425 2318 Saticula
446 2250 564 2340 potitos
593 2273 673 2326 esse,
706 2271 824 2339 eosque
849 2248 933 2314 haud
965 2272 1081 2340 paucas
1110 2249 1279 2316 circumia-

203 2378 314 2431 centes
330 2365 424 2430 urbes
445 2364 564 2454 cepisse
579 2364 652 2427 nolo
663 2361 820 2428 dubitare.
856 2362 922 2428 Ubi
943 2385 1016 2428 reru
1039 2362 1160 2427 multae
1184 2363 1279 2430 urbes

202 2480 236 2543 in
257 2478 371 2568 llpulia
393 2489 502 2542 contra
522 2476 682 2541 Romanos
701 2498 794 2564 agere
813 2476 1007 2564 coepissent,
1031 2498 1204 2565 omnesque
1224 2499 1277 2542 ue·

201 2604 269 2656 tate
289 2591 419 2656 militari
439 2588 597 2655 Samnites
617 2588 651 2653 in
670 2588 830 2656 delectum
853 2589 1026 2678 conscripti
1047 2602 1171 2667 essent,
1199 2601 1277 2656 tuuc

198 2704 323 2795 placuit
353 2704 571 2770 Romanorum
602 2701 726 2767 senatui
761 2723 878 2765 norum
916 2701 1104 2766 dictatorem
1138 2702 1277 2768 Fabium

200 2830 346 2882 nostrum
375 2817 500 2881 mittere
525 2836 599 2879 cum
627 2811 663 2895 Q.
683 2813 779 2879 Aulio
803 2814 836 2879 in
864 2811 1047 2893 Samnium3
1075 2815 1116 2879 ab
1136 2813 1185 2881 his
1205 2838 1275 2882 sus-

201 2942 315 3019 ceptus
342 2940 387 2994 est
415 2928 571 2993 exereitus
598 2926 745 3005 Aemilii,
777 2938 810 2992 et
837 2926 876 2992 de
902 2950 992 2993 more
1015 2929 1120 3018 Appia
1147 2929 1195 2994 ria
1217 2929 1278 2994 iter
1367 3000 1369 3004 Α

201 3042 325 3107 lectum
356 3052 404 3106 est
434 3041 467 3105 iu
498 3039 723 3130 Campaniam3
756 3063 862 3130 neque
892 3041 985 3106 aliter
1012 3053 1173 3131 poteraut,
1202 3065 1277 3108 nam

200 3153 316 3219 Soram
335 3164 367 3217 et
388 3152 546 3242 Fregellas
567 3150 907 3231 tenebautSamnites,
929 3155 986 3243 qui
1013 3177 1113 3243 quum
1137 3156 1278 3245 suspica-

199 3277 314 3331 rentur
343 3263 406 3330 buu
435 3266 653 3331 Romanorum
686 3267 764 3345 iter,
803 3266 905 3332 audax
935 3266 1077 3331 inierunt
1106 3268 1276 3336 consilium

199 3378 443 3444 intercludendi
465 3378 642 3459 Romanos,
667 3379 885 3469 quietantia
908 3378 1096 3469 Campania,
1119 3381 1159 3445 ab
1173 3380 1276 3461 Urbe3

197 3504 339 3582 pergunt
358 3493 454 3581 igitur
472 3492 672 3558 occidentem
693 3515 799 3559 sersus
816 3493 856 3558 ad
879 3492 959 3558 riam
981 3493 1137 3584 Appiam,
1161 3493 1217 3559 ubi
1235 3495 1277 3561 ad

200 3604 358 3671 Lautulas
378 3628 451 3671 cum
480 3606 569 3671 Fabii
590 3607 689 3697 copiis
707 3629 820 3672 marrus
843 3619 1086 3687 conseruerunt,
1110 3607 1166 3697 qui
1184 3609 1274 3675 locus

198 3719 328 3784 medius
348 3720 447 3786 estin
467 3720 516 3786 ria
536 3720 590 3786 illa
611 3720 696 3787 inter
716 3720 915 3787 Terracinam
939 3733 971 3786 et
992 3721 1131 3787 Fundus.

247 3832 362 3897 Fertur
377 3844 553 3922 pugnatum
577 3856 644 3900 esse
664 3833 796 3924 ancipiti
814 3835 957 3924 proelio,
975 3834 1078 3900 donee
1093 3858 1156 3900 nox
1177 3833 1274 3900 dimi-

197 3956 310 4009 cantes
338 3944 515 4025 diremerit,
545 3947 600 4012 alii
625 3969 698 4012 rere
727 3947 888 4012 adversam
918 3947 1015 4013 luisse
1043 3971 1183 4038 pugnam
1209 3961 1275 4014 tra-

196 4057 322 4124 debant
352 4070 449 4149 atque
478 4063 512 4125 in
540 4083 575 4125 ea
604 4060 756 4125 cecidisse
786 4059 822 4144 Q.
848 4060 989 4127 Aulium.
1037 4061 1128 4126 Hauc
1153 4061 1272 4126 lamam

195 4170 361 4237 Diodorus
381 4173 515 4237 serravit
533 4173 674 4239 scribens
694 4185 799 4238 totum
818 4173 990 4239 exercitum
1017 4172 1049 4238 iu
1070 4184 1194 4265 turpem
1218 4175 1271 4241 lu-

193 4307 270 4373 gam
302 4307 368 4350 esse
397 4308 540 4364 versum,
572 4288 624 4354 eui
654 4309 754 4378 quum
786 4287 896 4354 ¹lulius
924 4310 1085 4378 superesse
1113 4288 1273 4368 noluerit,

232 4532 251 4602 1)
268 4535 307 4587 Cf.
326 4535 387 4601 Cap.
406 4551 435 4586 111
454 4538 469 4599 ξ
490 4543 499 4585 1
520 4538 595 4588 huius
612 4537 691 4589 Libri.
