3210 5300
344 439 404 502 366
603 459 630 507 o.
651 454 761 500 rarius.
777 456 805 504 ο.
827 454 855 497 r.
877 455 904 504 ο.
925 453 953 497 u.
975 452 1068 497 asaro
1088 433 1163 519 (41).

344 646 511 713 mentum,
536 635 655 726 quippe
675 633 731 724 qui
751 630 939 722 ceteroquin
958 629 1004 696 nil
1024 629 1177 720 gessisset.
1209 629 1319 697 Livius
1338 652 1414 697 reru

347 760 435 815 recte
464 747 549 814 hanc
571 769 710 838 quoqne
738 744 876 812 Antiatis
894 744 1011 811 faniam
1033 743 1172 834 respuit,
1195 742 1282 809 unde
1301 766 1421 834 quaeso

349 871 414 925 tam
434 859 546 949 ingens
564 857 764 948 captivorum
784 878 937 922 numerus
958 853 1154 921 detineretur
1171 855 1206 920 in
1225 852 1347 921 Creta?

391 972 491 1037 Recte
511 969 669 1037 Dedericb
687 983 696 1021 ¹
721 969 898 1037 observavit
914 967 1072 1035 Labeonis
1090 966 1291 1059 triumphum
1308 992 1325 1034 a
1343 971 1422 1038 uiris

348 1084 451 1151 doctis
470 1082 555 1151 male
574 1082 615 1149 ad
633 1105 753 1149 annum
776 1087 841 1149 565
860 1082 896 1148 in
914 1082 1015 1147 Fastis
1032 1105 1098 1149 esse
1114 1082 1326 1175 descriptum3
1344 1107 1421 1151 nam

348 1221 415 1267 nou
435 1194 644 1287 triumpharit
664 1208 772 1262 noster
791 1207 823 1265 et
843 1207 921 1261 tunc
941 1194 1105 1287 Ephesum
1121 1195 1230 1274 rediit,
1256 1219 1363 1264 rerum
1381 1221 1420 1264 ex

347 1311 513 1402 provincia
530 1308 629 1375 redux
650 1308 782 1376 demum
800 1308 865 1398 egit
885 1308 1093 1399 triumphum.
1126 1308 1235 1375 Liuius
1253 1330 1328 1375 eum
1344 1333 1421 1376 nar·

349 1424 430 1490 rarit
458 1425 494 1495 in
518 1422 596 1489 anni
624 1426 689 1488 565
718 1420 848 1487 historia
869 1432 901 1502 ²,
925 1445 1036 1489 rerum
1056 1445 1094 1489 ea
1117 1421 1232 1489 eodem
1254 1430 1266 1469 ³
1290 1435 1424 1515 apparet

348 1535 504 1606 Manlium
521 1534 665 1603 Labeoni
683 1533 853 1624 imperasse
870 1534 1005 1602 classem
1024 1534 1133 1602 delere
1153 1535 1422 1625 sequentianno,

349 1649 441 1741 atqui
466 1659 693 1739 propraetore
717 1647 814 1715 rediit
837 1648 872 1717 iu
896 1647 1072 1739 triumpho.

397 1762 580 1852 Antequam
600 1760 758 1826 Labeonis
774 1773 957 1850 praeturam
977 1762 1105 1827 missam
1124 1760 1292 1840 faciamus,
1311 1760 1425 1853 dispu-

354 1875 488 1944 tandum
516 1887 565 1941 est
596 1873 637 1941 de
664 1873 736 1940 loco
772 1874 1004 1965 aliquantisper
1031 1874 1228 1940 intricatiore
1258 1874 1425 1965 legationis

353 1986 522 2057 Cretensis.
569 1984 681 2051 Edidit
711 2006 829 2074 nempe
859 1984 896 2051 R.
928 1984 1063 2072 Pashlep
1091 1986 1126 2050 in
1157 1985 1297 2076 eleganti
1326 1999 1425 2076 atque

355 2101 516 2169 elaborata
535 2096 656 2165 itineris
678 2095 726 2163 sui
746 2096 960 2188 descriptione
980 2107 993 2146 4
1018 2096 1172 2165 Graecam
1193 2098 1336 2165 tabulam
1358 2100 1425 2168 sire

352 2211 518 2303 epistolam
548 2210 633 2300 apud
664 2210 725 2274 Plu
744 2209 973 2277 Monasterium
994 2211 1027 2275 in
1048 2207 1229 2278 Cretaeae
1250 2212 1424 2282 inventam.

352 2325 516 2395 Bb'ckhius
534 2323 618 2389 hanc
637 2323 878 2413 inscriptionem
898 2324 1049 2415 recepit⁵
1071 2324 1213 2391 subiecta
1233 2326 1425 2418 interpreta-

354 2441 454 2508 tione.
502 2438 559 2503 Est
579 2436 723 2527 quaestio
745 2435 785 2502 de
808 2436 925 2502 linibus
946 2436 1125 2504 Itanicrum
1144 2450 1176 2503 et
1196 2438 1425 2530 Hierapytnio-

352 2576 425 2621 rum
453 2575 471 2617 a
501 2550 614 2629 Pariis,
645 2562 680 2614 ut
704 2548 849 2615 Bitckhio
873 2548 1015 2629 ridetur,
1039 2552 1213 2641 composita
1245 2552 1425 2623 secuudum

354 2676 481 2734 senatus
504 2663 687 2730 consultum
709 2675 741 2728 et
762 2663 929 2754 epistolam
948 2664 1075 2731 missam
1097 2688 1115 2729 a
1136 2664 1268 2741 consule
1290 2665 1326 2732 L.
1348 2664 1425 2733 Gal·

353 2778 470 2866 purnio
490 2775 584 2840 Lucii
609 2775 677 2840 filio
706 2775 835 2854 Pisone,
859 2798 943 2842 anno
973 2780 1038 2842 696
1068 2777 1242 2844 secuudum
1269 2777 1425 2859 eundem,

356 2911 465 2956 rerum
495 2910 532 2953 ex
562 2910 634 2952 mea
662 2888 811 2977 opinione
843 2912 926 2956 anno
957 2893 1023 2955 642
1057 2903 1111 2955 aut
1142 2894 1220 2958 621.
1269 2893 1426 2958 accurate

355 3012 461 3065 tamen
496 3010 622 3090 tempus
652 2999 781 3066 tabulae
812 3000 940 3067 deliniri
971 3003 1100 3092 nequit,
1133 3016 1257 3070 constat
1287 3029 1325 3071 ex
1354 3006 1425 3096 ipso

238 3164 246 3179 a
354 3124 564 3178 monumento
582 3122 654 3203 post
673 3124 811 3178 mortem
829 3113 1006 3181 Ptolemaei
1023 3114 1248 3183 Philometcris
1271 3115 1362 3206 (608)
1385 3116 1428 3182 de

357 3249 443 3293 noro
459 3224 579 3293 bellum
596 3227 630 3291 in
646 3225 739 3293 Creta
757 3248 823 3293 esse
833 3239 955 3295 motum
962 3277 972 3308 ‚
987 3250 1051 3318 quo
1063 3228 1206 3297 Praesiae
1218 3226 1343 3295 deletae
1351 3242 1428 3295 sunt

355 3363 437 3432 quae
458 3340 533 3405 urbs
552 3338 658 3406 media
681 3353 749 3406 erat
766 3340 851 3406 inter
876 3341 993 3407 Itanios
1021 3354 1054 3408 et
1081 3341 1322 3433 Hierapytnios,
1347 3356 1427 3410 tunc

355 3453 571 3544 supervenisse
593 3452 784 3541 legationem
806 3455 1024 3521 Romanorum
1045 3454 1105 3520 sub
1132 3454 1243 3521 Servio
1267 3454 1427 3546 Sulpicio,

356 3590 419 3658 qua
439 3565 561 3631 bellum
579 3565 707 3630 finitum
726 3576 788 3644 est;
806 3565 900 3631 ltanii
920 3588 994 3631 reru
1014 3564 1054 3632 de
1071 3566 1189 3633 finibus
1205 3567 1267 3632 suis
1287 3589 1428 3656 quereu-

354 3694 401 3748 tes
429 3690 576 3745 senatum
608 3677 757 3743 ridentur
777 3676 906 3756 adiisse,
930 3678 983 3742 cui
1004 3677 1126 3768 placuit
1151 3676 1278 3745 Cretam
1298 3679 1428 3746 mittere

356 3792 564 3882 legationem,
582 3814 665 3882 quae
683 3791 762 3856 lines
778 3791 909 3880 singulis
927 3792 1046 3858 tribuat
1063 3815 1132 3870 eos,
1154 3814 1233 3881 quos
1249 3791 1430 3859 habuerant

357 3918 530 3995 antequam
553 3917 659 3972 ortum
679 3916 760 3971 esset
778 3905 918 3985 bellum,
942 3906 983 3972 ob
1004 3906 1091 3995 quod
1111 3904 1272 3997 Sulpicius
1299 3903 1429 3973 Cretam

356 4031 495 4087 venerat.

364 4194 368 4201 ,
400 4131 510 4201 Novus
536 4132 593 4198 ille
621 4154 728 4199 rerum
757 4143 855 4198 status
873 4133 907 4197 in
926 4131 1074 4222 gentibus
1092 4133 1159 4199 istis
1179 4132 1339 4200 bellicosis
1359 4155 1428 4199 non

386 4402 405 4469 ¹)
422 4404 485 4468 Peg.
505 4407 546 4456 27.
591 4400 613 4468 ¹)
630 4403 776 4458 XXXVII.
796 4410 838 4456 60.
880 4402 900 4470 ³)
918 4405 1049 4456 XXXIX.
1068 4408 1109 4457 37.
1145 4402 1166 4473 ⁴)
1188 4404 1290 4458 Transis
1306 4406 1333 4459 io
1351 4404 1432 4471 (lete,

349 4490 372 4540 1.
389 4504 414 4556 p.
435 4494 494 4540 290.
550 4486 570 4560 ⁵)
592 4488 665 4557 Corp.
685 4487 749 4565 laec.
771 4487 858 4543 Graec.
877 4491 918 4555 11,
937 4491 1006 4544 aad.
1024 4490 1076 4547 ΝΟ.
1094 4495 1177 4556 2561,
1195 4494 1219 4544 b.
