3210 5300
329 394 390 454 322
472 412 498 460 o.
521 409 623 452 saurus
646 408 672 458 o.
695 408 721 450 a.
744 407 770 457 o.
793 406 820 449 u.
843 406 972 449 uarruus
994 406 1162 450 cuscraron
1183 389 1259 472 (33).
1301 385 1304 391 ’

338 590 371 654 in
398 611 474 679 agro
504 587 639 653 Falerno
661 599 671 637 ¹
699 566 821 651 etiamsi
846 584 1040 651 fertilissimo
1063 608 1096 650 se
1122 608 1188 652 esse
1218 584 1405 668 inclusum,

339 702 420 769 mari
446 700 486 767 ab
513 700 695 778 occidente,
721 699 881 763 Vulturno
911 721 928 763 a
957 697 1104 776 meridie,
1128 699 1184 789 qui
1204 724 1221 765 a
1241 699 1403 766 ditissimis

342 813 534 905 Campaniae
549 814 668 904 campis
685 835 759 878 eum
777 811 962 891 dirimebat,
986 811 1110 877 Massici
1124 813 1264 904 denique
1279 827 1403 880 montes

339 951 412 993 eum
443 951 460 992 a
490 926 615 1016 reliqua
638 938 727 1017 parte
748 923 1008 1003 circumdabant,
1033 948 1170 1015 quorum
1191 927 1306 993 saltum
1328 927 1403 992 Gal-

339 1039 475 1104 liculum
504 1050 536 1104 et
567 1036 740 1105 Casilinum
769 1035 889 1101 Fabius
916 1034 1020 1101 statim
1042 1035 1223 1103 firmissimo
1244 1037 1401 1128 praesidio

341 1152 525 1243 occuparit,
549 1174 589 1216 ne
608 1150 725 1216 rediret
746 1172 804 1239 per
823 1146 948 1214 easdem
968 1148 1142 1237 angustias,
1167 1149 1284 1240 quibus
1302 1151 1403 1216 iutra·

341 1278 437 1332 verat.
485 1263 592 1330 Facile
612 1262 820 1351 intelligimus
839 1260 1055 1327 Hannibalem
1072 1284 1273 1353 summopere
1287 1264 1403 1329 iratum

335 1401 402 1444 esse
419 1377 452 1442 iu
474 1398 606 1467 pravum
627 1377 696 1442 riae
715 1374 849 1452 ducem,
872 1385 927 1438 aut
944 1371 1057 1453 duces,
1076 1373 1403 1448 sicuthabetPlutar·

342 1492 437 1568 ebus,
462 1500 494 1556 et
518 1490 604 1555 cruci
627 1489 722 1555 istum
748 1487 833 1577 affigi
855 1487 987 1552 iussisse.

384 1601 548 1668 Haalrhius
567 1602 643 1668 huic
665 1601 919 1667 narratiunculae
938 1599 1059 1665 nullam
1076 1600 1173 1666 fidem
1194 1600 1307 1680 habet,
1330 1625 1403 1669 nam

339 1717 365 1783 si
385 1715 535 1783 Casinum
556 1716 679 1781 Poenus
697 1725 833 1792 teneret,
851 1713 969 1778 Fabius
981 1737 997 1778 a
1009 1724 1096 1803 tergo
1113 1713 1300 1781 subsecutus
1313 1716 1403 1782 valde

337 1827 528 1895 metuendus
556 1842 646 1901 esset.
696 1828 735 1894 lt
762 1826 891 1893 omnino
917 1849 981 1891 non
1007 1826 1051 1890 ita
1079 1839 1139 1905 est,
1162 1827 1281 1894 Fabius
1303 1852 1404 1894 nona

338 1954 427 2030 tergo
459 1940 725 2031 subsequebatur,
756 1951 865 2005 contra
886 1937 1034 2021 invLatio
1065 1962 1097 2005 se
1129 1939 1271 2020 tenebat,
1296 1941 1405 2008 iamsi

340 2052 454 2123 saltum
476 2051 574 2118 hostis
594 2062 791 2141 occupasset,
814 2049 999 2140 perrexisset
1017 2062 1063 2115 sat
1081 2050 1176 2117 facile
1196 2052 1333 2119 Romam
1352 2077 1405 2119 us-

340 2189 413 2256 que.
461 2165 575 2256 Neque
603 2177 688 2231 recte
719 2163 828 2229 obiicit
850 2163 933 2227 riam
965 2162 1101 2254 Appiam
1130 2176 1239 2254 patere
1269 2165 1404 2233 Romam

337 2278 475 2369 petenti,
495 2302 568 2344 nam
590 2277 707 2343 Fabius
726 2277 758 2341 in
780 2276 834 2341 illa
853 2277 902 2340 ria
921 2275 1040 2356 stabat,
1059 2276 1178 2367 quippe
1200 2278 1255 2367 qui
1274 2280 1404 2345 simulac

340 2393 407 2483 ipse
429 2391 544 2457 saltum
567 2387 741 2456 Casilinum
761 2401 959 2480 occupasset,
978 2389 1096 2454 dimisit
1117 2391 1303 2480 magistrum
1317 2394 1406 2484 equi-

340 2518 410 2573 tum
441 2504 480 2569 ad
510 2502 666 2594 praesidio
697 2501 888 2568 firmandum
914 2502 1045 2582 saltum,
1070 2504 1126 2593 qui
1147 2527 1242 2596 super
1265 2506 1406 2572 Terraci-

336 2641 410 2683 nam
433 2616 464 2680 in
486 2615 579 2680 arctis
597 2615 741 2681 saucibus
761 2626 890 2681 coactus
913 2615 994 2680 mari
1013 2615 1172 2697 imminet,
1192 2618 1289 2684 idest
1310 2619 1405 2686 saltus

336 2730 376 2795 ad
405 2727 573 2807 Lautulas3
596 2739 726 2817 apparet
753 2738 859 2791 autem
888 2749 925 2791 er
947 2726 1008 2793 hoc
1029 2740 1119 2794 motu
1147 2742 1214 2796 turn
1235 2732 1402 2823 prudentia

341 2838 556 2919 Cunctatoris,
590 2851 657 2904 tum
684 2839 825 2929 legiones
845 2840 883 2905 ad
904 2863 1034 2907 manum
1052 2866 1119 2908 esse
1137 2842 1170 2908 in
1186 2844 1295 2926 Latio,
1325 2870 1405 2937 quae

343 2953 450 3022 statim
471 2951 664 3042 impedirent
680 2976 724 3029 ne
746 2953 844 3019 Poeni
863 2966 1041 3043 pergerent.
1088 2954 1235 3047 Denique
1256 2959 1407 3027 fabellam

341 3066 421 3135 dirit
442 3063 562 3130 famam
583 3064 795 3132 llannibalem
816 3066 950 3132 Romam
971 3080 1079 3157 petere
1099 3069 1249 3152 soluisse3
1273 3087 1304 3138 at
1326 3094 1407 3140 non·

341 3180 420 3249 dum
441 3176 490 3242 his
509 3178 677 3257 assentior,
697 3202 731 3244 re
750 3203 821 3244 rera
839 3202 895 3270 per
917 3191 1014 3245 totam
1033 3181 1213 3251 Poenorum
1232 3187 1407 3277 expeditio·

342 3316 415 3359 nern
434 3291 543 3385 elucet
564 3291 625 3357 h'oc
644 3292 708 3358 illis
727 3293 822 3359 luisse
844 3293 1026 3374 consilium,
1051 3294 1098 3359 sin
1120 3318 1194 3363 reso
1213 3320 1321 3388 pugna
1342 3300 1410 3366 lto·

340 3428 507 3475 manorum
542 3406 713 3472 exercitum
743 3406 784 3471 de
811 3430 894 3472 noro
922 3405 1030 3472 delere
1060 3408 1225 3490 voluisset,
1256 3414 1411 3502 potuisset

342 3518 408 3584 sine
428 3516 528 3581 dubio
548 3515 670 3582 etiamsi
690 3517 808 3582 Fabius
834 3528 927 3583 caute
946 3518 1103 3608 proelium
1126 3522 1274 3591 evitabat.
1323 3523 1410 3591 Con-

341 3630 421 3696 cedo
442 3628 656 3695 Hannibalem
674 3631 813 3719 potuisse
834 3630 1082 3697 animadvertere
1101 3656 1256 3715 errorem,
1275 3637 1410 3703 simulac

341 3765 449 3809 versus
478 3740 644 3807 meridiem
674 3741 869 3808 descendens
891 3744 1026 3810 aRoma
1057 3745 1241 3829 decederet,
1271 3750 1324 3816 sed
1344 3750 1410 3819 iam

343 3855 469 3946 saepius
486 3877 544 3943 per
564 3853 653 3919 deria
681 3855 742 3920 iter
769 3855 887 3921 fecerat
906 3869 1036 3947 propter
1065 3858 1141 3942 loca,
1165 3874 1325 3943 montosa,
1349 3887 1409 3930 nec

341 3967 503 4033 Hannibal
522 3968 666 4033 locorum
684 3991 799 4056 gnarus
816 3991 882 4033 esse
898 3982 1031 4056 poterat.
1067 3946 1147 4036 Tum
1164 3968 1330 4063 pervenire
1348 4000 1409 4067 po-

342 4093 423 4147 terat
446 4080 506 4146 bac
535 4080 625 4146 deria
655 4081 688 4146 in
711 4080 934 4171 Campaniam,
967 4082 1054 4172 quod
1084 4084 1145 4150 iter
1165 4098 1228 4152 tres
1254 4085 1411 4182 Campani

364 4351 385 4420 ¹)
401 4351 491 4416 Polyb.
509 4352 561 4401 111.
580 4356 628 4411 90;
645 4352 701 4403 Lir.
721 4352 804 4402 XXII
825 4358 870 4412 133
889 4354 954 4405 Aur.
973 4357 1040 4407 Viot
1063 4355 1095 4408 V.
1110 4356 1134 4409 I.
1152 4365 1185 4410 43
1196 4384 1203 4420 ;
1223 4362 1291 4414 Plut.
1310 4363 1416 4427 Pauo,

330 4439 380 4488 Dio
398 4436 466 4488 cass.
490 4436 520 4485 fr.
538 4439 582 4486 st.
601 4442 626 4485 8.
