3190 5304
210 455 231 539 ᾗ
243 457 270 517 2.
282 472 430 515 rurnonns
443 473 635 516 utronnooou
645 456 714 517 691.
727 455 747 537 §
758 458 787 518 2.
800 474 966 519 tenusrron
978 474 1096 520 anrorut
1107 459 1176 521 695.
1217 458 1277 520 425

213 656 302 715 erant
328 650 480 741 propensi
507 672 602 740 qnam
629 651 798 730 Romanis,
830 651 923 718 foede
943 653 1140 742 provinciam
1162 675 1274 719 eroru-

212 763 381 830 eiantibus.
435 764 621 854 Priusquam
643 787 716 829 rero
736 765 836 830 socios
858 789 890 830 se
909 767 976 831 istis
997 767 1180 855 iungerent,
1202 766 1274 857 pla-

210 876 276 942 cuit
305 887 476 966 patrouum
505 875 640 966 Sangam
670 889 811 943 nostrum
840 877 881 943 de
906 901 942 944 ea
963 902 996 944 re
1017 879 1196 958 consulere,
1221 880 1274 944 oui

207 1000 311 1054 totum
338 989 501 1078 negotium
528 1002 729 1079 aperuerunt.
777 988 843 1054 Nee
867 990 999 1069 frustra,
1023 1014 1096 1055 nam
1125 992 1168 1056 sio
1192 991 1273 1080 rigi·

208 1100 401 1165 lautissimus
432 1100 543 1166 oousul
575 1100 686 1177 Cicero
717 1103 881 1191 cognorit,
910 1101 988 1193 quid
1015 1125 1048 1167 re
1073 1125 1143 1167 vera
1166 1116 1271 1192 ageret

207 1211 364 1306 Catilina2
398 1214 487 1279 ouius
521 1213 727 1279 consiliorum
764 1216 879 1281 certior
913 1216 1015 1282 iaetus
1045 1238 1109 1280 nou
1147 1228 1270 1282 tantum

205 1326 436 1416 Allobrogibus
452 1327 630 1418 praecepit,
650 1339 685 1392 ut
697 1327 836 1393 studium
854 1329 1080 1395 coniurationis
1098 1329 1273 1396 reb'emen*

204 1449 252 1504 ter
262 1439 464 1518 simularent,
484 1439 564 1505 bene
576 1441 815 1531 pollicerentur,
836 1464 944 1508 verum
956 1454 989 1507 et
1010 1442 1269 1532 operamdarent

203 1563 238 1616 ut
260 1575 356 1642 quam
378 1553 513 1619 maxime
533 1553 714 1619 manifestos
732 1553 896 1619 haberent.
946 1554 1014 1620 Nee
1033 1554 1126 1620 aliter
1146 1578 1195 1620 res
1215 1579 1268 1622 ce·

204 1664 300 1744 cidit,
335 1689 408 1731 uam
437 1689 538 1756 quum
567 1667 744 1733 coniuratio
765 1668 798 1731 in
819 1690 857 1732 eo
876 1680 960 1745 erat,
984 1679 1019 1732 ut
1038 1667 1268 1746 exardesceret,

202 1778 313 1843 consul
342 1802 409 1844 rem
440 1780 473 1844 in
494 1792 605 1845 senatu
625 1779 785 1869 evulgavit
804 1779 953 1845 exhibitis
974 1779 1173 1846 indubitatae
1193 1781 1267 1847 fidei

194 1892 407 1966 testimoniis,
432 1891 605 1981 legatorum
629 1891 702 1956 dico
721 1892 885 1982 epistolas3
909 1892 1006 1981 igitur
1025 1891 1116 1956 Fabii
1136 1916 1266 1983 quoque

201 2027 292 2094 opera
315 2028 508 2094 oppressum·
522 2016 569 2069 est
593 2003 714 2069 bellum
741 2003 973 2070 Catilinarium.

425 2191 443 2271 §
469 2191 499 2252 3.
547 2187 736 2252 Accusator
758 2187 902 2253 Antonii
924 2189 987 2251 695
1015 2195 1039 2250 ¹.

242 2342 419 2408 Probabilis
450 2345 587 2410 virorum
621 2344 788 2410 doctorum
819 2343 926 2433 opinio
954 2365 1021 2407 esse
1044 2341 1182 2420 ridetur,
1207 2344 1262 2432 qui

196 2453 329 2519 Fabium
357 2455 481 2521 huneee
513 2480 586 2522 eum
615 2456 786 2522 Maximum
807 2456 906 2522 fuisse
926 2447 1078 2533 credunt,
1103 2455 1159 2544 qni
1180 2477 1263 2520 anno

195 2573 259 2635 695
290 2570 449 2635 accusarit
479 2569 515 2636 C.
550 2570 733 2634 Antonium.
790 2569 910 2634 Desunt
940 2566 1069 2657 quidem
1096 2566 1189 2632 huius
1214 2569 1268 2633 rei.

191 2692 301 2761 testes,
320 2681 372 2747 sed
386 2682 492 2748 innuit
501 2706 571 2748 eam
583 2694 650 2747 tum
664 2680 804 2747 Caesaris
818 2679 1010 2769 Marimique
1021 2679 1174 2758 amicitia,
1192 2692 1258 2746 tum

192 2795 297 2886 ipsum
314 2795 411 2873 illud,
437 2794 477 2859 ob
494 2788 580 2885 quod
604 2795 759 2861 Antonius
779 2793 947 2858 damnatus
966 2804 1022 2858 est.
1072 2793 1260 2862 Obtinuerat

190 2931 309 3000 nempe
334 2907 530 2973 eoncedente
556 2907 709 2974 Cicerone
735 2906 770 2974 C.
798 2907 953 2972 Antonius
972 2906 1168 2997 provinciam
1190 2905 1259 2973 Ma-

143 3048 145 3052 ’
189 3022 356 3087 oedoniam
381 3021 607 3111 proconsule,
632 3023 718 3087 unde
739 3044 824 3086 anno
845 3026 909 3087 695
931 3043 1073 3086 rerersus
1092 3032 1257 3085 aecusatus

187 3147 234 3201 est
254 3134 293 3200 de
314 3135 457 3225 pecuniis
476 3134 660 3224 repetundis
678 3159 694 3198 a
714 3134 757 3199 M.
770 3133 979 3199 CoelioRnlo
1002 3145 1034 3197 et
1057 3133 1158 3198 Fabio
1181 3155 1256 3197 nos·

186 3259 237 3312 tro
255 3259 284 3326 ²,
309 3247 394 3337 quod
413 3246 554 3311 solemne
575 3259 641 3311 erat
657 3247 709 3324 iis,
726 3247 782 3336 qni
801 3247 840 3311 de
855 3246 1018 3336 provincia
1042 3245 1251 3311 decedebant.

185 3358 361 3424 Damnatus
379 3383 445 3424 esse
465 3359 566 3423 fertur
587 3359 672 3448 quod
691 3357 861 3424 Catilinam
880 3360 1015 3423 iurasset
1037 3369 1066 3436 ³,
1089 3371 1251 3447 praeterea

184 3472 351 3537 damnatus
372 3496 437 3538 esse
459 3471 593 3537 traditur
622 3496 639 3536 a
666 3472 702 3538 L.
727 3471 862 3538 Caninio
884 3470 977 3536 Gallo
998 3478 1022 3536 ἢ
1055 3470 1121 3535 Iam
1142 3470 1251 3562 dispu-

183 3599 251 3651 tant
278 3587 337 3651 riri
367 3585 454 3652 docti
474 3587 638 3652 cuiusnam
659 3585 798 3650 oriminis
819 3584 916 3649 fuerit
938 3597 1116 3662 aecusatus,
1140 3607 1180 3648 au
1200 3585 1250 3649 di-

182 3700 263 3765 rersi
294 3699 392 3778 forte,
424 3723 497 3764 nam
528 3697 702 3764 seeundum
732 3696 931 3763 scholiastam
961 3721 1025 3763 non
1055 3710 1179 3763 tautum
1208 3698 1247 3763 de

182 3809 324 3901 pecuniis
349 3809 533 3899 repetundis
562 3832 670 3874 rerum
691 3807 786 3873 etiam
809 3808 850 3873 ob
872 3808 1030 3875 Catilinae
1052 3810 1261 3877 coniuratio·

180 3946 254 3988 nem
280 3923 446 3988 damnatus
471 3935 527 3988 est.

224 4035 384 4125 Equidem
414 4036 519 4100 Roinii
550 4046 562 4082 ⁵
593 4034 782 4125 opinionem
798 4036 838 4102 de
859 4060 919 4102 uua
941 4048 1065 4102 tantum
1087 4046 1183 4125 atque
1204 4034 1259 4102 de-

204 4247 225 4315 1)
242 4249 293 4300 Cio.
320 4248 344 4297 in
375 4246 456 4297 V'atin.
481 4249 607 4312 11528,
631 4248 716 4299 Schol.
740 4249 804 4297 Bob.
829 4249 861 4297 ad
883 4248 952 4298 huno
974 4247 1058 4298 locum
1079 4264 1104 4312 p.
1123 4253 1171 4298 321
1202 4248 1246 4300 Or.

168 4332 189 4400 ²)
206 4333 259 4385 Cio.
272 4350 321 4400 pro
340 4331 402 4383 Coel.
421 4334 531 4398 altu,
548 4348 596 4397 pro
613 4331 697 4382 ruer.
719 4338 752 4382 38
770 4333 783 4396 d
802 4336 833 4381 95
841 4355 848 4392 3
867 4332 942 4382 Auot.
958 4348 1008 4398 pro
1025 4330 1105 4381 Domo
1131 4336 1160 4382 16
1175 4333 1189 4397 d
1204 4337 1245 4382 41.

166 4415 189 4481 ⁵)
205 4417 256 4468 Dio
273 4418 340 4469 Cass.
359 4417 518 4469 XXXVIII.
537 4423 576 4469 to.
630 4416 651 4483 ⁴)
670 4418 728 4468 Vel.
750 4417 820 4468 Max.
840 4418 888 4469 IV.
909 4421 932 4466 2.
952 4420 975 4466 θ.
1026 4413 1045 4483 ⁵]
1069 4413 1245 4467 Crindnolrectt

167 4501 192 4553 d.
211 4499 281 4553 Rdm.
301 4506 361 4554 660.
