3212 5294
292 456 351 519 254
433 475 462 526 o.
483 473 586 517 rrnrus
608 473 637 514 u.
659 472 687 515 r.
708 471 736 514 a.
759 470 786 513 a.
808 469 938 512 uixruus
960 468 1121 512 normanus
1142 451 1217 535 (17).

295 651 373 717 vitio
403 662 523 717 rertere
547 672 598 715 eas
618 649 730 714 saltem
751 648 919 715 nominum
934 646 1177 739 discrepantias,
1201 670 1280 738 quas
1306 647 1361 715 ille

295 765 400 843 affert,
424 776 532 830 contra
556 763 597 828 de
619 762 716 842 locis,
739 783 818 852 quos
837 763 945 828 attulit
965 761 1137 828 Hullernan
1162 776 1172 814 ¹
1196 761 1235 827 lis
1253 760 1359 826 adhue

295 878 354 942 sub
377 876 483 942 iudice
506 888 563 942 est.

340 990 457 1055 Fabius
468 987 585 1055 deinde
603 988 799 1079 oppugnarit
814 988 995 1063 Καστόλαν,
1015 988 1180 1055 castellum
1200 987 1360 1078 suspicor,

294 1101 382 1193 qnod
404 1104 566 1173 obsessum
589 1100 697 1169 effecit
718 1113 797 1168 teste
819 1101 973 1177 Diodoro,
998 1114 1032 1166 ut
1052 1102 1124 1166 finis
1143 1101 1363 1192 imponeretur

295 1215 527 1305 oppugnationi
538 1214 708 1295 Sutriensi3
719 1226 850 1305 apparet
864 1237 938 1303 ergo
952 1213 1110 1281 Castolam
1123 1214 1265 1281 Sutrium
1277 1213 1362 1278 inter

294 1340 326 1394 et
338 1329 499 1395 Perusiam
515 1330 605 1394 sitam
621 1329 733 1409 fuisse,
751 1341 784 1394 et
802 1328 908 1394 hostes
919 1329 1077 1395 Etruriam
1090 1330 1122 1394 in
1142 1328 1360 1393 Romanorum

293 1452 487 1532 potestatem
512 1453 678 1507 venturam
706 1440 846 1507 ridentes
865 1453 1011 1531 expertos
1030 1464 1097 1508 esse
1118 1442 1233 1506 frustra
1254 1438 1362 1505 Sutri-

296 1575 350 1620 nm
371 1553 519 1620 obsideri.
567 1553 660 1637 Quod
678 1553 873 1620 Niebuhrius
893 1553 933 1620 de
955 1554 1086 1620 urbibus
1106 1553 1252 1620 Etruriae
1273 1552 1361 1617 occi·
1435 1533 1444 1551 ’

295 1665 477 1732 dentalibus
507 1690 588 1758 quae
619 1677 708 1732 erant
740 1668 773 1732 in
801 1667 915 1745 armis,
938 1668 1085 1746 subiicit,
1108 1689 1173 1732 non
1200 1687 1362 1757 assequor.

342 1780 441 1847 Recte
467 1781 589 1871 respuit
616 1781 673 1846 ille
695 1778 859 1846 Liuianum
883 1780 1047 1846 historiam
1078 1780 1118 1845 de
1150 1779 1301 1845 Rulliano
1321 1778 1363 1844 ad

295 1894 402 1959 laeum
429 1892 615 1960 Vadimonis
643 1905 820 1984 pugnante,
854 1894 973 1984 qnippe
1007 1915 1090 1984 quae
1119 1892 1202 1958 male
1227 1892 1362 1984 repetita

295 2029 333 2072 ex
363 2029 447 2071 anno
475 2009 557 2085 471,
589 2008 691 2097 quum
721 2018 830 2072 contra
858 2006 969 2075 Gallos
998 2005 1138 2072 Senones
1160 2018 1192 2072 et
1212 2006 1363 2073 Etruscos

294 2132 471 2210 pugnatum
492 2141 559 2185 esse
578 2119 672 2185 nobis
692 2132 803 2185 auctor
822 2131 868 2185 est
887 2120 1039 2209 Polybius
1060 2129 1091 2200 ²3
1115 2142 1220 2211 neque
1241 2119 1363 2187 Diodo-

295 2253 349 2297 rus
379 2231 474 2296 huius
502 2254 627 2322 pugnae
656 2233 852 2299 mentionem
877 2232 973 2312 lacit,
996 2233 1057 2298 nisi
1076 2232 1158 2298 illud
1178 2233 1280 2323 ipsum
1304 2233 1362 2312 sit,

295 2343 382 2435 quod
420 2342 566 2411 Castolae
598 2359 799 2437 oppugnatae
826 2347 955 2412 nomine
988 2345 1117 2411 tradidit
1144 2346 1210 2413 ille.
1268 2347 1362 2412 Hanc

296 2458 507 2548 suspicionem
537 2457 686 2549 equidem
717 2482 782 2525 non
807 2460 953 2539 mittam,
983 2482 1056 2524 nam
1082 2458 1226 2525 noudum
1255 2470 1362 2525 aetum

295 2593 362 2636 esse
390 2580 514 2659 poterat
542 2568 581 2633 de
610 2568 756 2646 Etruria,
785 2569 844 2634 nisi
868 2568 975 2658 copias
999 2581 1144 2659 exparte
1162 2569 1362 2636 meridionali

296 2705 379 2775 quae
403 2691 632 2759 conuenerant,
655 2681 808 2760 fudisset3
834 2681 996 2747 Haalrhius
1013 2682 1093 2748 illud
1116 2681 1154 2748 ad
1178 2681 1363 2753 Vadimonis

296 2796 402 2860 lacum
424 2793 574 2858 accidisse
594 2794 760 2884 opinatur,
778 2793 833 2860 sed
850 2793 933 2859 banc
949 2794 1170 2862 difficultatem
1190 2819 1258 2861 mea
1278 2795 1363 2862 tollit

296 2905 486 2997 explicatio,
507 2906 540 2969 ni
560 2904 665 2972 lalior.

343 3017 511 3108 Sequitur,
529 3029 564 3082 ut
581 3018 678 3084 uerbo
695 3040 842 3084 moneam
862 3019 902 3085 de
918 3017 1101 3086 dictatura³
1120 3020 1251 3111 Papirii,
1278 3043 1362 3109 quae

295 3134 417 3198 interea
447 3132 554 3196 locum
584 3130 706 3198 hahuit.
766 3131 851 3197 llum
882 3132 1000 3199 Fabius
1034 3156 1149 3225 nempe
1187 3132 1362 3200 Ciminium

295 3247 410 3313 saltum
436 3257 645 3333 transgressus
665 3245 700 3310 iu
719 3244 823 3310 media
843 3244 1026 3311 versabatur
1045 3246 1191 3325 Etruria,
1216 3244 1253 3313 G.
1274 3246 1361 3312 Mar·

296 3362 363 3426 eius
394 3360 461 3425 eius
488 3359 610 3446 collega
642 3380 714 3424 cum
745 3357 855 3424 Marsis
875 3370 907 3424 et
931 3359 1068 3450 Pelignis
1088 3360 1221 3449 ancipiti
1238 3358 1362 3449 proelio

296 3473 450 3565 pugnavit
468 3483 500 3537 et
520 3472 586 3561 ipse
609 3471 740 3536 vulnere
760 3471 895 3536 afflictus
914 3483 971 3538 est.
1016 3474 1140 3538 Interea
1156 3473 1277 3538 Romae
1295 3471 1362 3539 fre·

295 3609 398 3678 quens
423 3596 491 3651 erat
517 3595 634 3662 terror,
659 3607 700 3650 ne
718 3584 760 3649 ab
781 3585 922 3651 Etruscis
943 3586 1059 3652 Fabius
1078 3587 1363 3667 intercluderetur,

295 3712 330 3766 et
357 3698 438 3765 alter
456 3696 611 3764 exercitus
630 3720 648 3761 a
670 3694 869 3763 Samnitibus
890 3698 1069 3778 deleretur,
1093 3701 1226 3767 consule
1247 3701 1361 3767 unlne-

297 3826 365 3880 rato
384 3813 448 3878 imo
470 3810 600 3877 tortasse
620 3823 767 3891 mortuo;
790 3812 896 3903 placet
916 3837 992 3904 ergo
1010 3815 1153 3905 patribus
1173 3814 1362 3882 dictatorem

295 3928 421 4005 dicere,
453 3936 485 3991 et
506 3947 657 4014 magnum
678 3925 940 4017 circumspiciunt
963 3927 1082 4006 sirum,
1106 3929 1162 4020 qui
1182 3940 1362 4018 quassatam

294 4042 431 4131 erigeret
447 4039 688 4130 rempublicam.
724 4041 771 4106 lle
792 4040 829 4106 L.
850 4040 977 4131 Papirio
990 4038 1124 4107 Cursore
1144 4064 1253 4108 omnes
1273 4042 1363 4132 eogi-

294 4154 424 4231 tabant,
449 4152 503 4219 sed
526 4176 589 4219 non
608 4153 677 4219 sine
692 4175 785 4219 eausa
800 4153 1003 4233 metuebant,
1028 4166 1095 4219 uta
1114 4155 1214 4222 Fabio
1229 4154 1362 4220 consule

295 4289 361 4333 non
397 4265 576 4345 diceretur,
609 4288 756 4357 quocum⁴
780 4267 878 4358 paulo
910 4280 982 4334 ante
1012 4291 1150 4335 summas
1178 4246 1363 4336 exercuerat

323 4433 343 4499 ι)
361 4431 404 4484 ne
415 4432 497 4484 Pauo
514 4431 651 4501 quassae
670 4431 770 4485 onam
787 4435 814 4485 rn
833 4433 921 4487 Mam.
940 4440 975 4490 v.
993 4443 1044 4490 sos
1063 4404 1088 4490 i.
1105 4444 1127 4490 1.
1180 4436 1200 4506 a)
1217 4439 1253 4490 11.
1270 4444 1302 4489 πο
1316 4437 1368 4503 ss.

288 4516 310 4589 ⁸>
327 4519 384 4570 mv.
402 4519 452 4571 rx.
471 4523 517 4579 aa
534 4519 584 4570 na
600 4519 669 4572 cte.
688 4519 718 4570 a.
736 4523 778 4571 as.
797 4524 839 4570 aa.
