3210 5300
317 415 376 477 334
459 435 486 485 o.
509 432 612 476 rarius
634 433 661 482 o.
682 431 710 473 r.
732 432 759 480 o.
781 430 808 473 u.
832 430 962 473 naxrnns
982 428 1152 474 cuncraron
1172 413 1246 495 (33).

321 620 441 688 essent,
475 610 517 675 ita
549 620 585 674 ut
614 610 647 673 iu
672 609 740 674 eius
766 608 953 674 sententiam
975 630 1084 673 omnes
1103 605 1239 698 pedibus
1259 608 1384 675 iverint.

321 722 466 789 Dictator
487 722 591 787 dictus
608 734 655 787 est
671 721 715 787 M.
731 721 842 788 lunius
859 743 931 787 cum
950 720 997 787 Ti.
1028 705 1216 812 Sempronio
1236 722 1386 812 magistro

324 836 382 926 qui
398 836 445 902 rei
461 835 593 900 militari
606 835 837 925 prospicerent,
851 846 1021 926 postquam
1037 834 1253 926 quodcunque
1264 858 1386 901 sacrum

322 950 492 1039 excogitari
507 960 627 1040 posset,
652 947 763 1014 sedulo
786 947 988 1015 observatum
1007 961 1104 1030 esset,
1126 960 1158 1015 et
1176 971 1253 1039 prae
1275 950 1386 1014 ceteris

325 1060 365 1128 ad
381 1061 515 1128 deorum
531 1062 730 1128 voluntatem
748 1060 1001 1151 cognoscendam
1016 1061 1054 1144 Q.
1065 1062 1184 1127 Fabius
1196 1061 1302 1127 Pictor
1312 1063 1383 1149 (36)

321 1174 464 1266 Delphos
485 1187 565 1242 esset
581 1174 694 1241 missus
706 1174 887 1265 Apollinem
907 1174 1124 1253 consulturus,
1141 1185 1177 1240 ut
1188 1185 1304 1265 supra¹
1322 1174 1385 1238 iam

323 1287 526 1354 dictumest.

368 1397 567 1466 Cannensem
584 1399 747 1465 victoriam
768 1400 910 1464 insecuta
927 1411 973 1465 est
992 1421 1073 1489 quae
1093 1412 1159 1464 erat
1176 1399 1386 1489 exspectanda

322 1511 460 1579 deiectio
490 1512 713 1603 Hirpinorum,
745 1511 996 1604 Campanorum,
1025 1513 1218 1603 Apulorum,
1242 1512 1387 1578 Bruttio·

321 1648 409 1700 rum,
438 1625 658 1705 Lucanorum,
687 1625 826 1715 denique
851 1638 937 1691 totus
957 1624 1068 1690 ltaliae
1088 1623 1246 1690 inferioris
1267 1637 1385 1691 tractus

323 1751 355 1805 et
369 1738 515 1805 coloniae
526 1738 664 1806 Graecae
680 1752 777 1828 atque
797 1739 882 1805 Gelli
899 1738 1051 1829 Cisalpini
1068 1736 1108 1803 ad
1125 1737 1266 1803 Poenum
1284 1751 1386 1804 trans·

319 1852 434 1918 ierunt.
461 1852 641 1943 Antequam
660 1851 815 1942 Campani
836 1851 875 1917 ad
893 1852 1035 1918 Poenum
1047 1850 1251 1929 transierunt,
1267 1851 1386 1940 legatos

321 1964 458 2030 Romam
479 1966 649 2046 miserunt,
673 1966 825 2031 Romanis
846 1965 959 2031 auxilia
980 1965 1118 2030 oblaturi
1134 1987 1170 2030 ea
1187 1963 1386 2043 conditione,

322 2090 358 2143 ut
386 2078 418 2142 in
442 2091 604 2168 posterum
624 2080 704 2144 alter
723 2079 835 2144 consul
856 2077 1035 2168 Campanus
1055 2078 1164 2156 fieret;
1186 2077 1287 2142 morit
1307 2076 1386 2142 haec

321 2213 370 2255 res
394 2203 523 2281 patrum
552 2191 821 2281 indignationem,
852 2191 909 2281 qui
929 2190 1050 2281 legatos
1069 2191 1145 2256 istos
1162 2211 1221 2280 per
1238 2190 1383 2256 lictorem

320 2325 357 2369 ex
383 2303 471 2370 Urbe
499 2303 676 2370 eduxerunt
689 2317 717 2384 ²;
741 2304 866 2370 inducit
885 2302 982 2369 Silius
998 2314 1021 2382 ⁹,
1041 2303 1099 2369 ubi
1117 2301 1212 2368 huius
1230 2304 1277 2369 rei
1294 2326 1384 2369 men·

323 2415 443 2482 tionem
464 2416 557 2496 lacit,
583 2417 718 2484 Fabium
740 2440 870 2508 quoque
888 2418 1099 2508 postulationi
1118 2416 1346 2483 adrersantem.

366 2528 526 2594 Hannibal
552 2528 711 2608 hiemem,
744 2551 826 2619 quae
846 2527 1001 2606 instabat,
1026 2526 1153 2618 Capuae
1177 2526 1281 2619 degit,
1305 2552 1386 2619 quae

321 2640 475 2707 ditissima
504 2641 591 2730 regio
622 2641 873 2732 Carthaginiensi
902 2642 1053 2707 exercitui
1079 2642 1173 2707 esitio
1193 2642 1270 2722 fuit,
1293 2644 1384 2708 nimis

320 2754 376 2820 diu
400 2752 581 2819 luxuriandi
608 2765 639 2818 et
669 2755 854 2843 quiescendi
873 2766 999 2845 tempus
1019 2755 1174 2822 militibus
1196 2755 1306 2822 datum
1325 2769 1384 2835 est,

321 2878 357 2930 ut
376 2865 410 2929 iu
430 2865 542 2956 vulgus
561 2877 673 2931 notum
695 2880 752 2935 est.
799 2867 917 2936 Contra
936 2868 1074 2934 Romani
1096 2870 1302 2958 quiescebant
1321 2892 1385 2936 non

319 2989 446 3044 tantum
471 2978 526 3044 sed
556 2980 637 3044 rires
666 2980 869 3061 reficiebant,
901 2993 934 3047 et
962 2982 1023 3061 sic,
1047 2994 1083 3047 ut
1102 3005 1196 3072 supro
1215 2992 1228 3028 ⁴
1248 2982 1385 3048 vidimus

321 3102 464 3156 sonatum
481 3090 559 3179 legit
576 3090 712 3158 dictator
728 3106 814 3158 extra
832 3093 976 3159 ordinem
995 3093 1037 3160 M.
1053 3094 1171 3160 Fabius
1187 3096 1286 3161 buteo
1299 3097 1385 3185 (31),

320 3203 412 3270 aedes
433 3202 600 3270 dedicatae
619 3206 867 3296 sacerdotesque
885 3207 984 3273 creati
1005 3220 1088 3273 sunt.

364 3319 402 3383 In
426 3315 489 3382 hoe
505 3341 611 3383 rerum
632 3331 717 3385 statu
739 3321 765 3385 F
767 3321 857 3386 abius
875 3333 983 3386 noster
1001 3321 1129 3387 tertium
1148 3321 1219 3387 inin
1239 3321 1387 3389 consula·

320 3439 388 3495 tum
411 3443 439 3507 ⁵,
464 3428 504 3496 de
526 3431 672 3521 quoiam
691 3454 779 3497 nunc
797 3432 969 3499 rideamus.
1004 3430 1161 3498 Suffectus
1180 3444 1249 3498 erat
1270 3456 1386 3522 nempe

319 3543 352 3607 in
382 3542 490 3609 locum
520 3543 692 3624 Postumii,
725 3546 781 3635 qui
811 3570 828 3611 a
859 3545 959 3612 Gallis
988 3545 1073 3612 Boiis
1104 3556 1171 3610 erat
1202 3546 1322 3611 occisus
1354 3557 1386 3624 ⁶,

319 3654 362 3720 M.
375 3654 560 3735 Marcellus,
577 3657 629 3723 sed
649 3682 748 3747 quum
769 3659 987 3749 magistratum
1005 3658 1116 3737 iniret,
1132 3657 1255 3749 Iupiter
1266 3659 1384 3737 tonuit,

320 3767 408 3857 quod
441 3792 534 3835 omen
561 3771 689 3859 patricii
719 3774 824 3837 statim
856 3772 1057 3862 arripuerunt
1085 3772 1311 3838 contendentes
1335 3771 1385 3836 dis

319 3903 384 3946 non
415 3880 502 3946 cordi
529 3905 595 3947 esse
619 3882 699 3950 duos
720 3886 861 3976 plebeios
885 3885 1045 3965 eonsules;
1070 3883 1185 3950 horum
1205 3886 1238 3950 in
1258 3896 1386 3952 senten-

319 3994 396 4061 tiam
416 4017 550 4084 augures
571 3997 818 4087 respouderunt,
839 3999 929 4088 atqui
949 4022 1048 4088 nqrus
1065 3997 1098 4064 in
1114 3997 1261 4065 Marcelli
1276 3998 1386 4064 locum

347 4217 367 4282 ¹)
385 4219 424 4271 cf.
442 4222 499 4272 Lib.
517 4220 719 4286 veapnvca,
741 4240 765 4288 p.
779 4229 836 4274 rsa.
871 4221 891 4286 2,
909 4227 967 4276 mv.
982 4226 1087 4276 xxm.
1110 4230 1135 4274 o.
1171 4222 1191 4290 ³)
1209 4225 1259 4275 xn
1278 4229 1391 4275 oo-sr.

308 4302 329 4369 ⁴)
346 4303 386 4354 cr.
407 4305 463 4355 nn.
482 4307 531 4356 vr.
549 4305 611 4370 cap.
628 4321 658 4355 111
675 4307 689 4371 o
706 4312 736 4367 a,
754 4325 780 4373 p.
796 4315 855 4359 ιιι.
902 4307 923 4376 ⁵)
941 4311 998 4360 niv.
1014 4311 1120 4364 xxm.
1140 4315 1187 4373 ar,
1211 4315 1258 4371 ει,
1277 4313 1325 4369 se,
1344 4312 1390 4371 ar,

312 4394 361 4450 ³9,
385 4393 433 4451 46»
456 4390 560 4442 XXIV·
582 4395 662 4451 t—9;
686 4390 757 4444 Oros.
775 4394 826 4449 IV.
850 4398 896 4457 15,-
920 4395 1009 4448 Zonor.
1027 4395 1077 4447 IX.
1096 4402 1122 4447 3.
1192 4392 1212 4462 ⁶)
1229 4395 1319 4461 Polyb.
1337 4396 1392 4448 111.

314 4476 363 4522 rrs
383 4474 398 4537 5
418 4466 518 4535 t;'Ltr.
540 4474 645 4527 XXIII.
665 4481 707 4525 24.
