3212 5294
344 437 404 497 238
486 450 514 500 o.
535 450 639 494 stains
660 448 690 491 n.
712 448 740 491 r.
761 446 789 489 n.
811 446 839 489 n.
861 444 993 489 narrans
1014 446 1177 491 nurarsrns
1197 428 1273 511 (17).

345 633 445 698 iratus
464 628 503 695 ad
523 639 623 693 eastra
637 624 746 703 rediit,
770 624 1005 715 imperiumque
1022 646 1114 690 snum
1131 624 1164 691 in
1184 625 1327 693 nobilem
1344 649 1412 695 tna·

346 745 478 835 gistrum
497 741 655 820 exercuit,
680 741 728 805 ius
748 738 830 805 vitae
847 759 884 803 ac
900 738 996 805 neeis.
1043 737 1177 828 Egregie
1193 737 1301 805 Lirius
1320 739 1417 807 indu·

347 858 390 924 cit
420 856 500 921 duos
529 854 601 919 illos
622 875 748 919 oausam
778 850 919 917 dicentes
946 861 978 915 et
1000 848 1223 932 defendentes,
1246 851 1416 941 inquibus

341 970 419 1036 nolo
440 969 592 1045 haerere3
617 966 706 1031 iussit
729 964 871 1053 Papirius
894 963 1029 1029 Fabium
1055 964 1184 1054 spoliari
1205 987 1241 1031 ac
1263 965 1363 1054 virgas
1383 978 1416 1032 et

344 1104 468 1150 secures
488 1078 641 1170 expediri.
677 1077 927 1143 Tunesmilitum
948 1076 1044 1142 fidem
1057 1076 1206 1165 implorat
1227 1077 1322 1143 miser
1340 1078 1416 1157 ille,

346 1208 378 1263 et
403 1195 447 1260 sic
474 1214 608 1282 magnae
632 1192 715 1256 fiunt
741 1190 981 1268 contentiones;
1004 1211 1069 1255 non
1093 1201 1198 1257 tamen
1221 1210 1329 1255 caesus
1349 1201 1416 1270 est,

346 1307 432 1400 quod
445 1305 583 1371 Valerii¹
605 1304 693 1369 locus
711 1303 835 1368 annuit.
872 1302 989 1368 Fabius
1009 1302 1139 1369 iubetur
1159 1314 1287 1393 postero
1307 1302 1360 1369 die
1376 1301 1417 1368 ad

345 1420 489 1488 tribunal
505 1417 629 1496 adesse,
649 1438 758 1483 rerum
771 1414 908 1482 fideliter
924 1415 1101 1482 custoditus
1112 1415 1224 1505 effugit
1235 1415 1273 1482 ad
1287 1416 1417 1483 Urbem

392 1534 483 1600 Tunc
502 1530 641 1596 dictator
656 1550 729 1595 eum
749 1540 875 1594 secutus
892 1540 938 1594 est
950 1541 982 1594 et
1004 1530 1140 1597 Romam
1160 1530 1322 1597 transtulit
1341 1553 1419 1597 eon·

347 1648 540 1723 tentionem,
563 1642 717 1732 iussitque
736 1642 831 1732 arripi
856 1653 1087 1707 contumacem.
1136 1643 1227 1709 Tune
1248 1656 1417 1732 octogena-

345 1762 410 1827 rius
430 1770 521 1850 pnter
539 1755 755 1821 nobilissimus
775 1755 832 1819 ille
853 1767 900 1820 ter
920 1755 1096 1821 consularis
1115 1769 1213 1845 atque
1233 1756 1418 1822 dictatorius

348 1872 417 1964 (ts)
451 1892 509 1961 pro
539 1869 608 1934 filio
637 1879 763 1934 serratus
791 1867 971 1957 imploravit
1003 1870 1176 1948 auxilium,
1205 1882 1351 1960 precatus
1377 1891 1417 1935 ne

347 1985 407 2051 sibi
425 1984 594 2051 orbitatem
615 1983 732 2048 faceret
752 1981 899 2047 dictator·
947 1983 995 2048 Er
1015 1983 1102 2048 ouria
1123 1983 1158 2049 in
1175 1984 1342 2049 comitium
1358 2006 1418 2073 po·

345 2099 415 2191 puli
434 2095 585 2188 proripit,
614 2094 672 2161 ubi
692 2095 812 2161 multae
834 2093 1056 2161 altercationes
1085 2095 1126 2162 de
1146 2097 1254 2162 rostris
1273 2096 1417 2175 auditae;

345 2210 477 2277 nolebat
504 2210 664 2300 impotens
693 2208 831 2274 dictator
858 2207 904 2273 nil
931 2207 1111 2298 quidquam¹
1136 2209 1313 2288 remittere,
1346 2223 1417 2275 tan·

345 2325 419 2390 dem
440 2346 514 2389 sero
535 2321 690 2387 concessit
710 2322 781 2398 ille,
804 2343 902 2410 penes
922 2343 1019 2410 quem
1039 2322 1103 2388 rita
1122 2334 1189 2390 erat
1209 2322 1329 2389 strenui
1347 2321 1417 2389 bel·

345 2436 464 2503 latoris.
497 2433 569 2500 Non
589 2434 674 2500 enirn
694 2432 790 2498 oredo
810 2456 907 2524 penes
925 2434 1084 2524 populum
1105 2457 1211 2525 neque
1232 2436 1334 2501 curias
1351 2449 1417 2502 erat

345 2551 516 2616 decernere
536 2548 659 2637 aliquid
680 2545 721 2612 de
742 2547 808 2611 eius
830 2547 909 2625 rita,
939 2548 1063 2613 nonnisi
1084 2571 1141 2637 per
1160 2571 1268 2638 preces
1289 2549 1337 2639 agi
1357 2573 1416 2639 po·

345 2675 442 2740 terat,
466 2672 499 2726 et
519 2660 563 2725 sic
581 2659 730 2750 Eutropii
754 2659 861 2726 locum
887 2661 1024 2751 accipio:
1056 2662 1208 2752 »ingenti
1228 2663 1335 2730 farore
1355 2663 1417 2729 mi·

346 2778 440 2841 litum
460 2784 492 2839 et
510 2771 621 2862 populi
640 2773 794 2838 liberatus
813 2777 888 2852 est'',
913 2774 1000 2864 quod
1021 2774 1107 2842 haud
1130 2776 1194 2842 scio
1214 2800 1269 2854 an,
1291 2777 1337 2840 ita
1360 2799 1416 2843 ro·

346 2888 461 2964 luerit,
486 2908 559 2951 narn
581 2909 644 2950 non
667 2886 746 2952 adeo
766 2887 904 2952 callebat
924 2887 981 2952 ille
1002 2888 1242 2978 antiquitatem,
1275 2889 1363 2978 quod
1383 2890 1416 2955 in

346 3001 438 3067 Livio
456 2998 567 3065 itidem
591 2998 772 3066 observasse
790 2999 869 3065 mihi
889 3000 971 3066 risus
983 3024 1053 3067 sum
1064 3052 1074 3082 ,
1097 3003 1154 3092 qui
1174 3002 1236 3067 sibi
1255 3025 1319 3068 non
1337 3024 1415 3068 oon·

346 3125 407 3180 stat
436 3114 469 3178 in
499 3112 594 3178 buius
613 3114 658 3178 rei
687 3114 888 3192 narratione,
920 3112 1046 3179 inducit
1074 3136 1190 3204 nempe
1216 3114 1352 3180 Fabium
1378 3114 1415 3181 ad

344 3227 505 3319 populum
522 3238 746 3316 provocantem
766 3238 876 3292 etrem
896 3225 935 3291 ad
954 3227 1121 3294 comitium
1140 3228 1294 3306 delatam,
1321 3227 1416 3306 unde,

346 3363 412 3406 non
441 3351 527 3405 recto
555 3339 671 3419 oredo,
702 3338 872 3405 deducitur
897 3352 974 3405 tunc
1001 3340 1134 3406 valuisse
1155 3342 1416 3431 provocationem

345 3464 455 3520 contra
476 3453 681 3532 dictatorem3
705 3452 754 3519 his
774 3453 859 3519 enim
878 3464 982 3519 cetera
1003 3478 1068 3520 non
1089 3455 1298 3534 conveniunt,
1329 3456 1414 3522 solus

345 3588 464 3657 nempe
485 3565 622 3631 dictator
641 3566 789 3656 precibus
806 3565 955 3658 fatigatus
969 3568 1156 3658 magistrum
1171 3568 1322 3635 liberasse
1343 3592 1416 3634 nar·

346 3691 448 3759 ratur,
472 3702 537 3745 non
567 3701 640 3746 sero
668 3679 824 3770 populns,
848 3680 904 3770 qui
923 3679 963 3745 ad
984 3680 1222 3771 deprecandum
1252 3681 1415 3772 Papirium

346 3817 380 3861 se
399 3805 633 3872 commoverat,
658 3815 752 3883 quem
765 3816 847 3884 pene
864 3793 1090 3873 interfecisset,
1112 3809 1143 3861 et
1164 3796 1209 3860 sie
1228 3795 1416 3886 intelligun-

345 3919 399 3973 tur
429 3905 553 3972 Aurelii
585 3906 695 3985 rerba,
730 3929 770 3972 ne
798 3906 942 3972 tribunos
972 3908 1102 3997 quidem
1132 3907 1309 3999 supplicem
1335 3907 1416 3975 tueri

343 4019 497 4111 potuisse.
545 4018 692 4111 Denique
712 4019 855 4085 Valerius
874 4020 1016 4086 scribens
1042 4020 1237 4111 »Papirium
1256 4022 1364 4087 testari
1382 4042 1415 4086 se

344 4153 483 4221 poenam
503 4132 594 4200 illam
615 4157 678 4201 non
702 4134 802 4200 Fabio
822 4133 875 4201 sed
895 4135 1017 4226 populo
1043 4146 1074 4200 et
1096 4134 1286 4201 tribuniciae
1308 4148 1416 4226 potes·

347 4248 404 4314 tati
422 4248 627 4327 concedere”,
648 4247 786 4315 reddidit
804 4248 887 4316 Livii
903 4249 998 4317 rerba
1020 4249 1188 4316 »donatur
1204 4248 1327 4341 populo
1348 4248 1415 4314 Ro·

311 4536 313 4539 -
377 4497 397 4567 ¹)
416 4498 452 4551 11·
474 4505 496 4551 r.
516 4505 539 4552 s.
