<?xml version="1.0" encoding="UTF-8"?>
<!DOCTYPE html PUBLIC "-//W3C//DTD XHTML 1.0 Transitional//EN"
    "http://www.w3.org/TR/xhtml1/DTD/xhtml1-transitional.dtd">
<html xmlns="http://www.w3.org/1999/xhtml" xml:lang="en" lang="en">
 <head>
  <title>
</title>
<meta http-equiv="Content-Type" content="text/html;charset=utf-8" />
  <meta name='ocr-system' content='tesseract 3.04.00' />
  <meta name='ocr-capabilities' content='ocr_page ocr_carea ocr_par ocr_line ocrx_word'/>
</head>
<body>
  <div class='ocr_page' id='page_1' title='image "./disputatiodegen00servgoog_0208.png"; bbox 0 0 3212 5294; ppageno 0'>
   <div class='ocr_carea' id='block_1_1' title="bbox 562 455 1276 517">
    <p class='ocr_par' dir='ltr' id='par_1_1' title="bbox 562 455 1276 517">
     <span class='ocr_line' id='line_1_1' title="bbox 562 455 1276 517; baseline 0.01 -8"><span class='ocrx_word' id='word_1_1' title='bbox 562 466 738 512; x_wconf 76' lang='lat' dir='ltr'><strong>rarcunrrr</strong></span> <span class='ocrx_word' id='word_1_2' title='bbox 759 467 919 513; x_wconf 80' lang='lat' dir='ltr'><strong>asnarius.</strong></span> <span class='ocrx_word' id='word_1_3' title='bbox 1218 455 1276 517; x_wconf 80' lang='lat'><strong>193</strong></span> 
     </span>
    </p>
   </div>
   <div class='ocr_carea' id='block_1_2' title="bbox 196 646 1267 2750">
    <p class='ocr_par' dir='ltr' id='par_1_2' title="bbox 196 646 1267 2750">
     <span class='ocr_line' id='line_1_2' title="bbox 251 646 1267 741; baseline 0 -26"><span class='ocrx_word' id='word_1_4' title='bbox 251 648 335 715; x_wconf 89' lang='lat' dir='ltr'><strong>Urbs</strong></span> <span class='ocrx_word' id='word_1_5' title='bbox 358 647 555 738; x_wconf 76' lang='lat' dir='ltr'><strong>Drepanum,</strong></span> <span class='ocrx_word' id='word_1_6' title='bbox 580 649 632 713; x_wconf 87' lang='lat' dir='ltr'><strong>cui</strong></span> <span class='ocrx_word' id='word_1_7' title='bbox 648 647 810 738; x_wconf 78' lang='lat' dir='ltr'><strong>proximus</strong></span> <span class='ocrx_word' id='word_1_8' title='bbox 826 646 949 713; x_wconf 88' lang='lat' dir='ltr'><strong>adiacet</strong></span> <span class='ocrx_word' id='word_1_9' title='bbox 967 670 1058 714; x_wconf 91' lang='lat' dir='ltr'><strong>mons</strong></span> <span class='ocrx_word' id='word_1_10' title='bbox 1076 649 1158 738; x_wconf 74' lang='lat' dir='ltr'><strong>llryr</strong></span> <span class='ocrx_word' id='word_1_11' title='bbox 1176 673 1267 741; x_wconf 91' lang='lat' dir='ltr'><strong>spec-</strong></span> 
     </span>
     <span class='ocr_line' id='line_1_3' title="bbox 202 760 1266 851; baseline 0.003 -25"><span class='ocrx_word' id='word_1_12' title='bbox 202 773 246 827; x_wconf 88' lang='lat' dir='ltr'><strong>tat</strong></span> <span class='ocrx_word' id='word_1_13' title='bbox 266 761 365 827; x_wconf 91' lang='lat' dir='ltr'><strong>solem</strong></span> <span class='ocrx_word' id='word_1_14' title='bbox 394 761 591 827; x_wconf 87' lang='lat' dir='ltr'><strong>occidentem</strong></span> <span class='ocrx_word' id='word_1_15' title='bbox 617 773 649 827; x_wconf 91' lang='lat' dir='ltr'><strong>et</strong></span> <span class='ocrx_word' id='word_1_16' title='bbox 670 760 869 850; x_wconf 78' lang='lat' dir='ltr'>Hispaniam,</span> <span class='ocrx_word' id='word_1_17' title='bbox 893 761 924 826; x_wconf 93' lang='lat' dir='ltr'><strong>in</strong></span> <span class='ocrx_word' id='word_1_18' title='bbox 946 783 1010 851; x_wconf 91' lang='lat' dir='ltr'><strong>quo</strong></span> <span class='ocrx_word' id='word_1_19' title='bbox 1029 775 1139 829; x_wconf 90' lang='lat' dir='ltr'><strong>monte</strong></span> <span class='ocrx_word' id='word_1_20' title='bbox 1158 764 1266 829; x_wconf 90' lang='lat' dir='ltr'><strong>muni·</strong></span> 
     </span>
     <span class='ocr_line' id='line_1_4' title="bbox 204 873 1265 963; baseline 0.003 -23"><span class='ocrx_word' id='word_1_21' title='bbox 204 875 357 941; x_wconf 78' lang='lat' dir='ltr'><strong>tissimum</strong></span> <span class='ocrx_word' id='word_1_22' title='bbox 387 887 454 941; x_wconf 88' lang='lat' dir='ltr'><strong>erat</strong></span> <span class='ocrx_word' id='word_1_23' title='bbox 482 875 650 941; x_wconf 90' lang='lat' dir='ltr'><strong>castellum</strong></span> <span class='ocrx_word' id='word_1_24' title='bbox 678 887 710 940; x_wconf 91' lang='lat' dir='ltr'><strong>et</strong></span> <span class='ocrx_word' id='word_1_25' title='bbox 740 873 895 963; x_wconf 89' lang='lat' dir='ltr'><strong>templum</strong></span> <span class='ocrx_word' id='word_1_26' title='bbox 922 873 1000 942; x_wconf 88' lang='lat' dir='ltr'><strong>deae</strong></span> <span class='ocrx_word' id='word_1_27' title='bbox 1017 875 1217 958; x_wconf 70' lang='grc' dir='ltr'><em>Ἀστάρτκς,</em></span> <span class='ocrx_word' id='word_1_28' title='bbox 1247 903 1265 943; x_wconf 91' lang='lat' dir='ltr'><strong>a</strong></span> 
     </span>
     <span class='ocr_line' id='line_1_5' title="bbox 202 987 1264 1079; baseline 0.004 -25"><span class='ocrx_word' id='word_1_29' title='bbox 202 988 353 1054; x_wconf 84' lang='lat' dir='ltr'><strong>Romanis</strong></span> <span class='ocrx_word' id='word_1_30' title='bbox 364 988 472 1055; x_wconf 80' lang='lat' dir='ltr'><strong>Venus</strong></span> <span class='ocrx_word' id='word_1_31' title='bbox 490 989 626 1077; x_wconf 73' lang='lat' dir='ltr'><strong>Erycina</strong></span> <span class='ocrx_word' id='word_1_32' title='bbox 643 1010 726 1079; x_wconf 85' lang='lat' dir='ltr'><strong>quae</strong></span> <span class='ocrx_word' id='word_1_33' title='bbox 746 987 830 1053; x_wconf 88' lang='lat' dir='ltr'><strong>dicta</strong></span> <span class='ocrx_word' id='word_1_34' title='bbox 850 1000 908 1055; x_wconf 88' lang='lat' dir='ltr'><strong>cst.</strong></span> <span class='ocrx_word' id='word_1_35' title='bbox 944 987 1048 1072; x_wconf 81' lang='lat' dir='ltr'><strong>Quum</strong></span> <span class='ocrx_word' id='word_1_36' title='bbox 1070 989 1209 1078; x_wconf 74' lang='lat' dir='ltr'><strong>Pyrrhus</strong></span> <span class='ocrx_word' id='word_1_37' title='bbox 1226 1015 1264 1058; x_wconf 82' lang='lat' dir='ltr'><strong>ex</strong></span> 
     </span>
     <span class='ocr_line' id='line_1_6' title="bbox 201 1100 1263 1190; baseline 0.002 -23"><span class='ocrx_word' id='word_1_38' title='bbox 201 1100 309 1167; x_wconf 82' lang='lat' dir='ltr'><strong>Sicilia</strong></span> <span class='ocrx_word' id='word_1_39' title='bbox 326 1102 476 1179; x_wconf 83' lang='lat' dir='ltr'><strong>decessit,</strong></span> <span class='ocrx_word' id='word_1_40' title='bbox 494 1100 592 1166; x_wconf 82' lang='lat' dir='ltr'><strong>Poeni</strong></span> <span class='ocrx_word' id='word_1_41' title='bbox 609 1100 744 1188; x_wconf 73' lang='lat' dir='ltr'><strong>Erycem</strong></span> <span class='ocrx_word' id='word_1_42' title='bbox 763 1111 1003 1190; x_wconf 79' lang='lat' dir='ltr'><strong>recuperarunt,</strong></span> <span class='ocrx_word' id='word_1_43' title='bbox 1023 1102 1176 1189; x_wconf 87' lang='lat' dir='ltr'><strong>quemad</strong></span> <span class='ocrx_word' id='word_1_44' title='bbox 1194 1103 1263 1169; x_wconf 91' lang='lat' dir='ltr'><strong>bel-</strong></span> 
     </span>
     <span class='ocr_line' id='line_1_7' title="bbox 201 1213 1264 1306; baseline 0.002 -27"><span class='ocrx_word' id='word_1_45' title='bbox 201 1214 268 1281; x_wconf 91' lang='lat' dir='ltr'><strong>lum</strong></span> <span class='ocrx_word' id='word_1_46' title='bbox 286 1215 442 1281; x_wconf 90' lang='lat' dir='ltr'><strong>Punicum</strong></span> <span class='ocrx_word' id='word_1_47' title='bbox 463 1237 563 1306; x_wconf 85' lang='lat' dir='ltr'><strong>usque</strong></span> <span class='ocrx_word' id='word_1_48' title='bbox 584 1226 770 1293; x_wconf 91' lang='lat' dir='ltr'><strong>tenuerunt,</strong></span> <span class='ocrx_word' id='word_1_49' title='bbox 795 1225 872 1279; x_wconf 90' lang='lat' dir='ltr'><strong>tunc</strong></span> <span class='ocrx_word' id='word_1_50' title='bbox 892 1213 1029 1279; x_wconf 88' lang='lat' dir='ltr'><strong>enimin</strong></span> <span class='ocrx_word' id='word_1_51' title='bbox 1046 1214 1264 1282; x_wconf 86' lang='lat' dir='ltr'><strong>Romanorum</strong></span> 
     </span>
     <span class='ocr_line' id='line_1_8' title="bbox 200 1327 1264 1420; baseline 0.002 -26"><span class='ocrx_word' id='word_1_52' title='bbox 200 1329 285 1395; x_wconf 88' lang='lat' dir='ltr'><strong>renit</strong></span> <span class='ocrx_word' id='word_1_53' title='bbox 300 1341 504 1420; x_wconf 90' lang='lat' dir='ltr'><strong>potestatem,</strong></span> <span class='ocrx_word' id='word_1_54' title='bbox 523 1329 577 1419; x_wconf 90' lang='lat' dir='ltr'><strong>qui</strong></span> <span class='ocrx_word' id='word_1_55' title='bbox 594 1327 735 1393; x_wconf 80' lang='lat' dir='ltr'><strong>validum</strong></span> <span class='ocrx_word' id='word_1_56' title='bbox 755 1327 804 1393; x_wconf 93' lang='lat' dir='ltr'><strong>illi</strong></span> <span class='ocrx_word' id='word_1_57' title='bbox 823 1327 1040 1417; x_wconf 89' lang='lat' dir='ltr'><strong>imposuerunt</strong></span> <span class='ocrx_word' id='word_1_58' title='bbox 1058 1327 1264 1417; x_wconf 88' lang='lat' dir='ltr'><strong>praesidium.</strong></span> 
     </span>
     <span class='ocr_line' id='line_1_9' title="bbox 199 1437 1266 1530; baseline -0.001 -23"><span class='ocrx_word' id='word_1_59' title='bbox 199 1441 320 1530; x_wconf 82' lang='lat' dir='ltr'><strong>Magnis</strong></span> <span class='ocrx_word' id='word_1_60' title='bbox 350 1438 544 1505; x_wconf 79' lang='lat' dir='ltr'><strong>facinoribus</strong></span> <span class='ocrx_word' id='word_1_61' title='bbox 572 1439 722 1504; x_wconf 88' lang='lat' dir='ltr'><strong>inclaruit</strong></span> <span class='ocrx_word' id='word_1_62' title='bbox 751 1439 964 1528; x_wconf 79' lang='lat' dir='ltr'><strong>oppugnatio,</strong></span> <span class='ocrx_word' id='word_1_63' title='bbox 989 1437 1128 1529; x_wconf 88' lang='lat' dir='ltr'><strong>denique</strong></span> <span class='ocrx_word' id='word_1_64' title='bbox 1155 1441 1266 1506; x_wconf 85' lang='lat' dir='ltr'><strong>Bareas</strong></span> 
     </span>
     <span class='ocr_line' id='line_1_10' title="bbox 200 1551 1266 1642; baseline 0.001 -24"><span class='ocrx_word' id='word_1_65' title='bbox 200 1554 309 1619; x_wconf 89' lang='lat' dir='ltr'><strong>urbem</strong></span> <span class='ocrx_word' id='word_1_66' title='bbox 330 1551 494 1618; x_wconf 86' lang='lat' dir='ltr'><strong>adscendit</strong></span> <span class='ocrx_word' id='word_1_67' title='bbox 512 1573 646 1642; x_wconf 84' lang='lat' dir='ltr'><strong>eamque</strong></span> <span class='ocrx_word' id='word_1_68' title='bbox 664 1551 764 1641; x_wconf 88' lang='lat' dir='ltr'><strong>cepit,</strong></span> <span class='ocrx_word' id='word_1_69' title='bbox 788 1564 821 1617; x_wconf 90' lang='lat' dir='ltr'><strong>et</strong></span> <span class='ocrx_word' id='word_1_70' title='bbox 839 1552 889 1617; x_wconf 89' lang='lat' dir='ltr'><strong>rel</strong></span> <span class='ocrx_word' id='word_1_71' title='bbox 908 1551 952 1618; x_wconf 90' lang='lat' dir='ltr'><strong>sic</strong></span> <span class='ocrx_word' id='word_1_72' title='bbox 973 1564 1078 1618; x_wconf 90' lang='lat' dir='ltr'><strong>tamen</strong></span> <span class='ocrx_word' id='word_1_73' title='bbox 1101 1552 1198 1618; x_wconf 91' lang='lat' dir='ltr'><strong>medii</strong></span> <span class='ocrx_word' id='word_1_74' title='bbox 1216 1555 1266 1620; x_wconf 90' lang='lat' dir='ltr'><strong>in-</strong></span> 
     </span>
     <span class='ocr_line' id='line_1_11' title="bbox 199 1650 1265 1754; baseline 0.002 -23"><span class='ocrx_word' id='word_1_75' title='bbox 199 1677 245 1732; x_wconf 89' lang='lat' dir='ltr'><strong>ter</strong></span> <span class='ocrx_word' id='word_1_76' title='bbox 258 1688 364 1733; x_wconf 87' lang='lat' dir='ltr'><strong>arcem</strong></span> <span class='ocrx_word' id='word_1_77' title='bbox 375 1678 540 1754; x_wconf 90' lang='lat' dir='ltr'><strong>castraque</strong></span> <span class='ocrx_word' id='word_1_78' title='bbox 557 1665 701 1730; x_wconf 88' lang='lat' dir='ltr'><strong>Romana</strong></span> <span class='ocrx_word' id='word_1_79' title='bbox 717 1677 919 1754; x_wconf 82' lang='lat' dir='ltr'><strong>pugnarunt,</strong></span> <span class='ocrx_word' id='word_1_80' title='bbox 939 1687 998 1731; x_wconf 85' lang='lat' dir='ltr'><strong>nec</strong></span> <span class='ocrx_word' id='word_1_81' title='bbox 1019 1650 1177 1732; x_wconf 85' lang='lat' dir='ltr'><strong>rcroulla</strong></span> <span class='ocrx_word' id='word_1_82' title='bbox 1199 1668 1265 1733; x_wconf 82' lang='lat' dir='ltr'><strong>tto-</strong></span> 
     </span>
     <span class='ocr_line' id='line_1_12' title="bbox 197 1778 1266 1869; baseline 0.002 -24"><span class='ocrx_word' id='word_1_83' title='bbox 197 1802 362 1845; x_wconf 90' lang='lat' dir='ltr'><strong>manorum</strong></span> <span class='ocrx_word' id='word_1_84' title='bbox 387 1780 501 1845; x_wconf 83' lang='lat' dir='ltr'><strong>virtute</strong></span> <span class='ocrx_word' id='word_1_85' title='bbox 520 1791 552 1843; x_wconf 90' lang='lat' dir='ltr'><strong>et</strong></span> <span class='ocrx_word' id='word_1_86' title='bbox 573 1778 751 1844; x_wconf 87' lang='lat' dir='ltr'><strong>constantia</strong></span> <span class='ocrx_word' id='word_1_87' title='bbox 771 1778 877 1868; x_wconf 91' lang='lat' dir='ltr'><strong>potuit</strong></span> <span class='ocrx_word' id='word_1_88' title='bbox 896 1780 1084 1868; x_wconf 79' lang='lat' dir='ltr'><strong>expugnari3</strong></span> <span class='ocrx_word' id='word_1_89' title='bbox 1108 1803 1166 1869; x_wconf 90' lang='lat' dir='ltr'><strong>per</strong></span> <span class='ocrx_word' id='word_1_90' title='bbox 1185 1781 1266 1847; x_wconf 89' lang='lat' dir='ltr'><strong>duos</strong></span> 
     </span>
     <span class='ocr_line' id='line_1_13' title="bbox 198 1890 1265 1969; baseline 0.004 -12"><span class='ocrx_word' id='word_1_91' title='bbox 198 1915 296 1958; x_wconf 91' lang='lat' dir='ltr'><strong>annos</strong></span> <span class='ocrx_word' id='word_1_92' title='bbox 309 1892 472 1958; x_wconf 84' lang='lat' dir='ltr'><strong>Hamilcar</strong></span> <span class='ocrx_word' id='word_1_93' title='bbox 487 1915 557 1957; x_wconf 89' lang='lat' dir='ltr'><strong>eam</strong></span> <span class='ocrx_word' id='word_1_94' title='bbox 573 1891 691 1969; x_wconf 92' lang='lat' dir='ltr'><strong>tenuit,</strong></span> <span class='ocrx_word' id='word_1_95' title='bbox 710 1890 813 1956; x_wconf 91' lang='lat' dir='ltr'><strong>donec</strong></span> <span class='ocrx_word' id='word_1_96' title='bbox 829 1902 985 1957; x_wconf 77' lang='lat' dir='ltr'><strong>estractus</strong></span> <span class='ocrx_word' id='word_1_97' title='bbox 996 1905 1043 1959; x_wconf 90' lang='lat' dir='ltr'><strong>cst</strong></span> <span class='ocrx_word' id='word_1_98' title='bbox 1062 1917 1125 1959; x_wconf 92' lang='lat' dir='ltr'><strong>non</strong></span> <span class='ocrx_word' id='word_1_99' title='bbox 1147 1895 1265 1961; x_wconf 79' lang='lat' dir='ltr'><strong>viribus</strong></span> 
     </span>
     <span class='ocr_line' id='line_1_14' title="bbox 198 2003 1265 2085; baseline 0.002 -15"><span class='ocrx_word' id='word_1_100' title='bbox 198 2006 369 2084; x_wconf 71' lang='lat' dir='ltr'><strong>exhaustis,</strong></span> <span class='ocrx_word' id='word_1_101' title='bbox 389 2019 424 2071; x_wconf 89' lang='lat' dir='ltr'><strong>ut</strong></span> <span class='ocrx_word' id='word_1_102' title='bbox 444 2005 560 2071; x_wconf 83' lang='lat' dir='ltr'><strong>Fabius</strong></span> <span class='ocrx_word' id='word_1_103' title='bbox 581 2003 666 2085; x_wconf 80' lang='lat' dir='ltr'><strong>vult,</strong></span> <span class='ocrx_word' id='word_1_104' title='bbox 686 2027 794 2071; x_wconf 89' lang='lat' dir='ltr'><strong>rerum</strong></span> <span class='ocrx_word' id='word_1_105' title='bbox 815 2005 966 2084; x_wconf 77' lang='lat' dir='ltr'><strong>invictus,</strong></span> <span class='ocrx_word' id='word_1_106' title='bbox 990 2029 1063 2072; x_wconf 86' lang='lat' dir='ltr'><strong>nam</strong></span> <span class='ocrx_word' id='word_1_107' title='bbox 1085 2007 1148 2071; x_wconf 91' lang='lat' dir='ltr'><strong>alio</strong></span> <span class='ocrx_word' id='word_1_108' title='bbox 1167 2009 1265 2074; x_wconf 92' lang='lat' dir='ltr'><strong>modo</strong></span> 
     </span>
     <span class='ocr_line' id='line_1_15' title="bbox 198 2117 1267 2211; baseline 0.002 -27"><span class='ocrx_word' id='word_1_109' title='bbox 198 2120 312 2199; x_wconf 74' lang='grc' dir='ltr'><em>συνέβη</em></span> <span class='ocrx_word' id='word_1_110' title='bbox 332 2120 448 2198; x_wconf 74' lang='grc' dir='ltr'><em>λαβεῖν</em></span> <span class='ocrx_word' id='word_1_111' title='bbox 469 2120 520 2184; x_wconf 79' lang='grc' dir='ltr'><strong>τὸν</strong></span> <span class='ocrx_word' id='word_1_112' title='bbox 542 2118 678 2197; x_wconf 73' lang='grc' dir='ltr'><strong>πόλεμον</strong></span> <span class='ocrx_word' id='word_1_113' title='bbox 694 2117 748 2191; x_wconf 71' lang='lat' dir='ltr'><strong>riv</strong></span> <span class='ocrx_word' id='word_1_114' title='bbox 770 2117 881 2199; x_wconf 74' lang='lat' dir='ltr'><strong>replere,</strong></span> <span class='ocrx_word' id='word_1_115' title='bbox 907 2118 998 2184; x_wconf 89' lang='lat' dir='ltr'><strong>clade</strong></span> <span class='ocrx_word' id='word_1_116' title='bbox 1022 2118 1267 2211; x_wconf 79' lang='lat' dir='ltr'><strong>Carthaginien·</strong></span> 
     </span>
     <span class='ocr_line' id='line_1_16' title="bbox 197 2230 1266 2323; baseline 0.001 -26"><span class='ocrx_word' id='word_1_117' title='bbox 197 2233 275 2298; x_wconf 94' lang='lat' dir='ltr'><strong>sium</strong></span> <span class='ocrx_word' id='word_1_118' title='bbox 298 2255 412 2322; x_wconf 89' lang='lat' dir='ltr'><strong>nempe</strong></span> <span class='ocrx_word' id='word_1_119' title='bbox 431 2233 470 2297; x_wconf 86' lang='lat' dir='ltr'><strong>ad</strong></span> <span class='ocrx_word' id='word_1_120' title='bbox 490 2234 623 2320; x_wconf 76' lang='lat' dir='ltr'><strong>legatos</strong></span> <span class='ocrx_word' id='word_1_121' title='bbox 640 2230 767 2295; x_wconf 91' lang='lat' dir='ltr'><strong>insulas.</strong></span> <span class='ocrx_word' id='word_1_122' title='bbox 817 2230 888 2296; x_wconf 89' lang='lat' dir='ltr'><strong>Hoc</strong></span> <span class='ocrx_word' id='word_1_123' title='bbox 907 2231 1004 2320; x_wconf 78' lang='lat' dir='ltr'><strong>igitur</strong></span> <span class='ocrx_word' id='word_1_124' title='bbox 1020 2234 1199 2323; x_wconf 82' lang='lat' dir='ltr'><strong>exemplum</strong></span> <span class='ocrx_word' id='word_1_125' title='bbox 1219 2248 1266 2298; x_wconf 90' lang='lat' dir='ltr'><strong>est</strong></span> 
     </span>
     <span class='ocr_line' id='line_1_17' title="bbox 197 2341 1265 2434; baseline 0 -23"><span class='ocrx_word' id='word_1_126' title='bbox 197 2369 232 2411; x_wconf 82' lang='lat' dir='ltr'><strong>er</strong></span> <span class='ocrx_word' id='word_1_127' title='bbox 260 2345 313 2423; x_wconf 90' lang='lat' dir='ltr'><strong>iis,</strong></span> <span class='ocrx_word' id='word_1_128' title='bbox 338 2367 419 2434; x_wconf 92' lang='lat' dir='ltr'><strong>quae</strong></span> <span class='ocrx_word' id='word_1_129' title='bbox 440 2343 590 2430; x_wconf 75' lang='lat' dir='ltr'><strong>Polybius</strong></span> <span class='ocrx_word' id='word_1_130' title='bbox 609 2365 641 2407; x_wconf 91' lang='lat' dir='ltr'><strong>se</strong></span> <span class='ocrx_word' id='word_1_131' title='bbox 663 2341 811 2407; x_wconf 87' lang='lat' dir='ltr'><strong>daturum</strong></span> <span class='ocrx_word' id='word_1_132' title='bbox 838 2342 1003 2433; x_wconf 76' lang='lat' dir='ltr'><strong>pollicitus</strong></span> <span class='ocrx_word' id='word_1_133' title='bbox 1025 2356 1091 2409; x_wconf 88' lang='lat' dir='ltr'><strong>erat</strong></span> <span class='ocrx_word' id='word_1_134' title='bbox 1112 2344 1150 2409; x_wconf 91' lang='lat' dir='ltr'><strong>ad</strong></span> <span class='ocrx_word' id='word_1_135' title='bbox 1172 2369 1265 2411; x_wconf 91' lang='lat' dir='ltr'><strong>suum</strong></span> 
     </span>
     <span class='ocr_line' id='line_1_18' title="bbox 197 2454 1265 2546; baseline 0.002 -24"><span class='ocrx_word' id='word_1_136' title='bbox 197 2457 234 2523; x_wconf 93' lang='lat' dir='ltr'><strong>dc</strong></span> <span class='ocrx_word' id='word_1_137' title='bbox 253 2458 355 2524; x_wconf 86' lang='lat' dir='ltr'><strong>Fabio</strong></span> <span class='ocrx_word' id='word_1_138' title='bbox 373 2457 526 2523; x_wconf 91' lang='lat' dir='ltr'><strong>iudicium</strong></span> <span class='ocrx_word' id='word_1_139' title='bbox 547 2455 766 2546; x_wconf 84' lang='lat' dir='ltr'><strong>probandum3</strong></span> <span class='ocrx_word' id='word_1_140' title='bbox 790 2454 828 2520; x_wconf 88' lang='lat' dir='ltr'><strong>ad</strong></span> <span class='ocrx_word' id='word_1_141' title='bbox 851 2455 978 2545; x_wconf 92' lang='lat' dir='ltr'><strong>quodsi</strong></span> <span class='ocrx_word' id='word_1_142' title='bbox 999 2457 1184 2523; x_wconf 87' lang='lat' dir='ltr'><strong>attendisset</strong></span> <span class='ocrx_word' id='word_1_143' title='bbox 1205 2459 1265 2524; x_wconf 81' lang='lat' dir='ltr'><strong>ttr-</strong></span> 
     </span>
     <span class='ocr_line' id='line_1_19' title="bbox 196 2568 1264 2660; baseline -0.001 -23"><span class='ocrx_word' id='word_1_144' title='bbox 196 2570 290 2649; x_wconf 90' lang='lat' dir='ltr'><strong>nesti,</strong></span> <span class='ocrx_word' id='word_1_145' title='bbox 326 2593 389 2635; x_wconf 89' lang='lat' dir='ltr'><strong>non</strong></span> <span class='ocrx_word' id='word_1_146' title='bbox 416 2569 589 2660; x_wconf 87' lang='lat' dir='ltr'><strong>scripsisset</strong></span> <span class='ocrx_word' id='word_1_147' title='bbox 619 2568 706 2633; x_wconf 91' lang='lat' dir='ltr'><strong>locos</strong></span> <span class='ocrx_word' id='word_1_148' title='bbox 735 2569 879 2657; x_wconf 88' lang='lat' dir='ltr'><strong>periisse,</strong></span> <span class='ocrx_word' id='word_1_149' title='bbox 906 2569 1023 2659; x_wconf 91' lang='lat' dir='ltr'><strong>quibus</strong></span> <span class='ocrx_word' id='word_1_150' title='bbox 1054 2570 1264 2638; x_wconf 84' lang='lat' dir='ltr'><strong>indicaremus</strong></span> 
     </span>
     <span class='ocr_line' id='line_1_20' title="bbox 196 2682 939 2750; baseline 0 -1"><span class='ocrx_word' id='word_1_151' title='bbox 196 2707 347 2750; x_wconf 89' lang='lat' dir='ltr'><strong>rerumne</strong></span> <span class='ocrx_word' id='word_1_152' title='bbox 371 2683 404 2747; x_wconf 93' lang='lat' dir='ltr'><strong>in</strong></span> <span class='ocrx_word' id='word_1_153' title='bbox 423 2682 557 2747; x_wconf 85' lang='lat' dir='ltr'><strong>Fabium</strong></span> <span class='ocrx_word' id='word_1_154' title='bbox 580 2682 753 2748; x_wconf 91' lang='lat' dir='ltr'><strong>contulerit</strong></span> <span class='ocrx_word' id='word_1_155' title='bbox 772 2682 939 2750; x_wconf 89' lang='lat' dir='ltr'><strong>iudicium.</strong></span> 
     </span>
    </p>
   </div>
   <div class='ocr_carea' id='block_1_3' title="bbox 191 2907 1261 3656">
    <p class='ocr_par' dir='ltr' id='par_1_3' title="bbox 192 2907 1260 3001">
     <span class='ocr_line' id='line_1_21' title="bbox 192 2907 1260 3001; baseline 0 -24"><span class='ocrx_word' id='word_1_156' title='bbox 192 2910 247 2977; x_wconf 87' lang='lat' dir='ltr'><strong>N⁰.</strong></span> <span class='ocrx_word' id='word_1_157' title='bbox 285 2908 414 2974; x_wconf 80' lang='lat' dir='ltr'>XXXV.</span> <span class='ocrx_word' id='word_1_158' title='bbox 464 2907 627 2973; x_wconf 84' lang='lat' dir='ltr'><strong>Traditum</strong></span> <span class='ocrx_word' id='word_1_159' title='bbox 645 2922 691 2974; x_wconf 90' lang='lat' dir='ltr'><strong>est</strong></span> <span class='ocrx_word' id='word_1_160' title='bbox 708 2909 851 2987; x_wconf 83' lang='lat' dir='ltr'><strong>aFabio,</strong></span> <span class='ocrx_word' id='word_1_161' title='bbox 872 2910 927 3001; x_wconf 90' lang='lat' dir='ltr'><strong>qui</strong></span> <span class='ocrx_word' id='word_1_162' title='bbox 947 2910 976 2976; x_wconf 91' lang='lat' dir='ltr'><strong>ei</strong></span> <span class='ocrx_word' id='word_1_163' title='bbox 996 2910 1083 2976; x_wconf 92' lang='lat' dir='ltr'><strong>bello</strong></span> <span class='ocrx_word' id='word_1_164' title='bbox 1102 2911 1260 2991; x_wconf 87' lang='lat' dir='ltr'><strong>interluit,</strong></span> 
     </span>
    </p>

    <p class='ocr_par' dir='ltr' id='par_1_4' title="bbox 285 3021 1252 3113">
     <span class='ocr_line' id='line_1_22' title="bbox 285 3021 1252 3113; baseline 0.004 -25"><span class='ocrx_word' id='word_1_165' title='bbox 285 3021 397 3090; x_wconf 77' lang='lat' dir='ltr'><strong>Dece</strong></span> <span class='ocrx_word' id='word_1_166' title='bbox 418 3022 518 3087; x_wconf 83' lang='lat' dir='ltr'><strong>millia</strong></span> <span class='ocrx_word' id='word_1_167' title='bbox 540 3021 706 3088; x_wconf 90' lang='lat' dir='ltr'><strong>hominum</strong></span> <span class='ocrx_word' id='word_1_168' title='bbox 721 3035 837 3113; x_wconf 69' lang='lat' dir='ltr'><strong>⁴parata</strong></span> <span class='ocrx_word' id='word_1_169' title='bbox 857 3025 896 3089; x_wconf 89' lang='lat' dir='ltr'><strong>ad</strong></span> <span class='ocrx_word' id='word_1_170' title='bbox 918 3024 950 3089; x_wconf 92' lang='lat' dir='ltr'><strong>id</strong></span> <span class='ocrx_word' id='word_1_171' title='bbox 969 3023 1091 3090; x_wconf 91' lang='lat' dir='ltr'><strong>bellum</strong></span> <span class='ocrx_word' id='word_1_172' title='bbox 1111 3024 1207 3092; x_wconf 86' lang='lat' dir='ltr'><strong>luisse</strong></span> <span class='ocrx_word' id='word_1_173' title='bbox 1230 3039 1252 3093; x_wconf 89' lang='lat'><strong>¹.</strong></span> 
     </span>
    </p>

    <p class='ocr_par' dir='ltr' id='par_1_5' title="bbox 191 3133 1261 3227">
     <span class='ocr_line' id='line_1_23' title="bbox 191 3133 1261 3227; baseline 0.003 -27"><span class='ocrx_word' id='word_1_174' title='bbox 191 3133 244 3201; x_wconf 89' lang='lat' dir='ltr'><strong>N⁰.</strong></span> <span class='ocrx_word' id='word_1_175' title='bbox 281 3133 427 3199; x_wconf 80' lang='lat' dir='ltr'>XXXVI.</span> <span class='ocrx_word' id='word_1_176' title='bbox 475 3133 511 3198; x_wconf 91' lang='lat' dir='ltr'><strong>ln</strong></span> <span class='ocrx_word' id='word_1_177' title='bbox 542 3136 706 3226; x_wconf 89' lang='lat' dir='ltr'><strong>utriusque</strong></span> <span class='ocrx_word' id='word_1_178' title='bbox 737 3136 876 3201; x_wconf 92' lang='lat' dir='ltr'><strong>consulis</strong></span> <span class='ocrx_word' id='word_1_179' title='bbox 905 3139 1045 3202; x_wconf 83' lang='lat' dir='ltr'><strong>exercitu</strong></span> <span class='ocrx_word' id='word_1_180' title='bbox 1078 3139 1261 3227; x_wconf 81' lang='lat' dir='ltr'><strong>octingenta</strong></span> 
     </span>
    </p>

    <p class='ocr_par' dir='ltr' id='par_1_6' title="bbox 283 3247 1259 3452">
     <span class='ocr_line' id='line_1_24' title="bbox 283 3247 1259 3329; baseline 0.004 -18"><span class='ocrx_word' id='word_1_181' title='bbox 283 3247 384 3312; x_wconf 87' lang='lat' dir='ltr'><strong>millia</strong></span> <span class='ocrx_word' id='word_1_182' title='bbox 404 3260 597 3312; x_wconf 87' lang='lat' dir='ltr'><strong>armatorum</strong></span> <span class='ocrx_word' id='word_1_183' title='bbox 616 3247 712 3313; x_wconf 81' lang='lat' dir='ltr'><strong>fuisse</strong></span> <span class='ocrx_word' id='word_1_184' title='bbox 734 3249 932 3329; x_wconf 86' lang='lat' dir='ltr'><strong>referantur,</strong></span> <span class='ocrx_word' id='word_1_185' title='bbox 955 3250 1037 3315; x_wconf 88' lang='lat' dir='ltr'><strong>sicut</strong></span> <span class='ocrx_word' id='word_1_186' title='bbox 1058 3250 1174 3317; x_wconf 80' lang='lat' dir='ltr'><strong>Fabius</strong></span> <span class='ocrx_word' id='word_1_187' title='bbox 1193 3252 1259 3317; x_wconf 91' lang='lat' dir='ltr'><strong>his-</strong></span> 
     </span>
     <span class='ocr_line' id='line_1_25' title="bbox 283 3359 1101 3452; baseline 0.002 -28"><span class='ocrx_word' id='word_1_188' title='bbox 283 3362 413 3439; x_wconf 89' lang='lat' dir='ltr'><strong>toricus,</strong></span> <span class='ocrx_word' id='word_1_189' title='bbox 437 3362 493 3450; x_wconf 91' lang='lat' dir='ltr'><strong>qui</strong></span> <span class='ocrx_word' id='word_1_190' title='bbox 513 3359 615 3425; x_wconf 87' lang='lat' dir='ltr'><strong>eidem</strong></span> <span class='ocrx_word' id='word_1_191' title='bbox 640 3360 725 3426; x_wconf 87' lang='lat' dir='ltr'><strong>bello</strong></span> <span class='ocrx_word' id='word_1_192' title='bbox 750 3361 912 3439; x_wconf 89' lang='lat' dir='ltr'><strong>interluit,</strong></span> <span class='ocrx_word' id='word_1_193' title='bbox 934 3361 1058 3452; x_wconf 91' lang='lat' dir='ltr'><strong>scripsit</strong></span> <span class='ocrx_word' id='word_1_194' title='bbox 1078 3373 1101 3426; x_wconf 80' lang='lat'><strong>².</strong></span> 
     </span>
    </p>

    <p class='ocr_par' dir='ltr' id='par_1_7' title="bbox 236 3471 1256 3565">
     <span class='ocr_line' id='line_1_26' title="bbox 236 3471 1256 3565; baseline 0.002 -28"><span class='ocrx_word' id='word_1_195' title='bbox 236 3473 283 3539; x_wconf 87' lang='lat' dir='ltr'><strong>Ile</strong></span> <span class='ocrx_word' id='word_1_196' title='bbox 295 3473 604 3563; x_wconf 82' lang='lat' dir='ltr'><strong>fragmentiauctore</strong></span> <span class='ocrx_word' id='word_1_197' title='bbox 621 3471 759 3539; x_wconf 90' lang='lat' dir='ltr'><strong>dubitari</strong></span> <span class='ocrx_word' id='word_1_198' title='bbox 778 3475 904 3565; x_wconf 89' lang='lat' dir='ltr'><strong>nequit,</strong></span> <span class='ocrx_word' id='word_1_199' title='bbox 921 3488 1044 3541; x_wconf 87' lang='lat' dir='ltr'><strong>constat</strong></span> <span class='ocrx_word' id='word_1_200' title='bbox 1060 3474 1122 3540; x_wconf 91' lang='lat' dir='ltr'><strong>hoc</strong></span> <span class='ocrx_word' id='word_1_201' title='bbox 1140 3476 1256 3542; x_wconf 88' lang='lat' dir='ltr'><strong>discrto</strong></span> 
     </span>
    </p>

    <p class='ocr_par' dir='ltr' id='par_1_8' title="bbox 193 3587 1255 3656">
     <span class='ocr_line' id='line_1_27' title="bbox 193 3587 1255 3656; baseline 0.005 -5"><span class='ocrx_word' id='word_1_202' title='bbox 193 3588 372 3653; x_wconf 89' lang='lat' dir='ltr'><strong>testimonio</strong></span> <span class='ocrx_word' id='word_1_203' title='bbox 394 3587 551 3652; x_wconf 90' lang='lat' dir='ltr'><strong>Pictorem</strong></span> <span class='ocrx_word' id='word_1_204' title='bbox 572 3587 722 3653; x_wconf 88' lang='lat' dir='ltr'><strong>militasse</strong></span> <span class='ocrx_word' id='word_1_205' title='bbox 744 3612 829 3654; x_wconf 88' lang='lat' dir='ltr'><strong>anno</strong></span> <span class='ocrx_word' id='word_1_206' title='bbox 850 3593 913 3655; x_wconf 68' lang='lat'><strong>529</strong></span> <span class='ocrx_word' id='word_1_207' title='bbox 934 3589 1021 3655; x_wconf 91' lang='lat' dir='ltr'><strong>bello</strong></span> <span class='ocrx_word' id='word_1_208' title='bbox 1042 3589 1165 3656; x_wconf 89' lang='lat' dir='ltr'><strong>Gallico</strong></span> <span class='ocrx_word' id='word_1_209' title='bbox 1186 3589 1255 3656; x_wconf 84' lang='lat' dir='ltr'><strong>cis-</strong></span> 
     </span>
    </p>
   </div>
   <div class='ocr_carea' id='block_1_4' title="bbox 189 3699 1253 4449">
    <p class='ocr_par' dir='ltr' id='par_1_9' title="bbox 189 3699 1253 4449">
     <span class='ocr_line' id='line_1_28' title="bbox 192 3699 1253 3793; baseline 0.004 -28"><span class='ocrx_word' id='word_1_210' title='bbox 192 3701 315 3790; x_wconf 87' lang='lat' dir='ltr'><strong>alpino,</strong></span> <span class='ocrx_word' id='word_1_211' title='bbox 338 3699 424 3789; x_wconf 88' lang='lat' dir='ltr'><strong>qnod</strong></span> <span class='ocrx_word' id='word_1_212' title='bbox 451 3721 537 3764; x_wconf 91' lang='lat' dir='ltr'><strong>nunc</strong></span> <span class='ocrx_word' id='word_1_213' title='bbox 563 3723 627 3765; x_wconf 89' lang='lat' dir='ltr'><strong>non</strong></span> <span class='ocrx_word' id='word_1_214' title='bbox 647 3723 763 3766; x_wconf 91' lang='lat' dir='ltr'><strong>moror.</strong></span> <span class='ocrx_word' id='word_1_215' title='bbox 813 3700 981 3768; x_wconf 80' lang='lat' dir='ltr'><strong>Contendo</strong></span> <span class='ocrx_word' id='word_1_216' title='bbox 1010 3703 1201 3793; x_wconf 81' lang='lat' dir='ltr'><strong>Eutropium</strong></span> <span class='ocrx_word' id='word_1_217' title='bbox 1222 3717 1253 3769; x_wconf 93' lang='lat' dir='ltr'><strong>et</strong></span> 
     </span>
     <span class='ocr_line' id='line_1_29' title="bbox 193 3812 1253 3907; baseline 0.005 -28"><span class='ocrx_word' id='word_1_218' title='bbox 193 3812 336 3879; x_wconf 85' lang='lat' dir='ltr'><strong>Orosium</strong></span> <span class='ocrx_word' id='word_1_219' title='bbox 356 3813 442 3878; x_wconf 90' lang='lat' dir='ltr'><strong>hunc</strong></span> <span class='ocrx_word' id='word_1_220' title='bbox 462 3813 569 3878; x_wconf 91' lang='lat' dir='ltr'><strong>locum</strong></span> <span class='ocrx_word' id='word_1_221' title='bbox 589 3837 626 3879; x_wconf 81' lang='lat' dir='ltr'><strong>er</strong></span> <span class='ocrx_word' id='word_1_222' title='bbox 650 3812 738 3879; x_wconf 82' lang='lat' dir='ltr'><strong>Lirio</strong></span> <span class='ocrx_word' id='word_1_223' title='bbox 758 3814 973 3905; x_wconf 88' lang='lat' dir='ltr'><strong>descripsisse,</strong></span> <span class='ocrx_word' id='word_1_224' title='bbox 997 3818 1053 3907; x_wconf 91' lang='lat' dir='ltr'><strong>qui</strong></span> <span class='ocrx_word' id='word_1_225' title='bbox 1075 3817 1186 3883; x_wconf 89' lang='lat' dir='ltr'><strong>itidem</strong></span> <span class='ocrx_word' id='word_1_226' title='bbox 1212 3818 1253 3884; x_wconf 91' lang='lat' dir='ltr'><strong>de</strong></span> 
     </span>
     <span class='ocr_line' id='line_1_30' title="bbox 190 3928 1253 4017; baseline 0.007 -26"><span class='ocrx_word' id='word_1_227' title='bbox 190 3929 351 4017; x_wconf 90' lang='lat' dir='ltr'><strong>copiarum</strong></span> <span class='ocrx_word' id='word_1_228' title='bbox 373 3949 505 3992; x_wconf 90' lang='lat' dir='ltr'><strong>numero</strong></span> <span class='ocrx_word' id='word_1_229' title='bbox 523 3928 644 4016; x_wconf 90' lang='lat' dir='ltr'><strong>aliquid</strong></span> <span class='ocrx_word' id='word_1_230' title='bbox 666 3929 837 3995; x_wconf 88' lang='lat' dir='ltr'><strong>memoriae</strong></span> <span class='ocrx_word' id='word_1_231' title='bbox 859 3928 998 3997; x_wconf 90' lang='lat' dir='ltr'><strong>tradidit.</strong></span> <span class='ocrx_word' id='word_1_232' title='bbox 1031 3929 1121 3997; x_wconf 82' lang='lat' dir='ltr'><strong>Livio</strong></span> <span class='ocrx_word' id='word_1_233' title='bbox 1139 3932 1253 3998; x_wconf 89' lang='lat' dir='ltr'><strong>itidem</strong></span> 
     </span>
     <span class='ocr_line' id='line_1_31' title="bbox 189 4038 1250 4134; baseline 0.005 -29"><span class='ocrx_word' id='word_1_234' title='bbox 189 4040 298 4105; x_wconf 89' lang='lat' dir='ltr'><strong>deberi</strong></span> <span class='ocrx_word' id='word_1_235' title='bbox 327 4038 480 4130; x_wconf 87' lang='lat' dir='ltr'><strong>perhibeo</strong></span> <span class='ocrx_word' id='word_1_236' title='bbox 508 4040 724 4106; x_wconf 88' lang='lat' dir='ltr'><strong>Romanarum</strong></span> <span class='ocrx_word' id='word_1_237' title='bbox 760 4054 793 4107; x_wconf 89' lang='lat' dir='ltr'><strong>et</strong></span> <span class='ocrx_word' id='word_1_238' title='bbox 823 4040 1054 4132; x_wconf 78' lang='lat' dir='ltr'><strong>Campanorum</strong></span> <span class='ocrx_word' id='word_1_239' title='bbox 1085 4045 1250 4134; x_wconf 89' lang='lat' dir='ltr'><strong>copiarum</strong></span> 
     </span>
     <span class='ocr_line' id='line_1_32' title="bbox 190 4152 1252 4250; baseline 0.005 -31"><span class='ocrx_word' id='word_1_240' title='bbox 190 4176 480 4242; x_wconf 89' lang='lat' dir='ltr'><strong>numerum‚quem</strong></span> <span class='ocrx_word' id='word_1_241' title='bbox 502 4152 631 4220; x_wconf 89' lang='lat' dir='ltr'><strong>Orosius</strong></span> <span class='ocrx_word' id='word_1_242' title='bbox 652 4154 765 4234; x_wconf 89' lang='lat' dir='ltr'><strong>habet;</strong></span> <span class='ocrx_word' id='word_1_243' title='bbox 784 4154 963 4222; x_wconf 86' lang='lat' dir='ltr'><strong>Rothiuset</strong></span> <span class='ocrx_word' id='word_1_244' title='bbox 981 4158 1126 4248; x_wconf 86' lang='lat' dir='ltr'><strong>quicum</strong></span> <span class='ocrx_word' id='word_1_245' title='bbox 1145 4160 1252 4250; x_wconf 88' lang='lat' dir='ltr'><strong>sequi-</strong></span> 
     </span>
     <span class='ocr_line' id='line_1_33' title="bbox 192 4265 1252 4359; baseline 0.006 -29"><span class='ocrx_word' id='word_1_246' title='bbox 192 4279 241 4330; x_wconf 90' lang='lat' dir='ltr'><strong>tur</strong></span> <span class='ocrx_word' id='word_1_247' title='bbox 263 4266 437 4331; x_wconf 87' lang='lat' dir='ltr'><strong>Harlessius</strong></span> <span class='ocrx_word' id='word_1_248' title='bbox 458 4265 517 4330; x_wconf 88' lang='lat' dir='ltr'><strong>lroc</strong></span> <span class='ocrx_word' id='word_1_249' title='bbox 538 4288 667 4355; x_wconf 88' lang='lat' dir='ltr'><strong>quoque</strong></span> <span class='ocrx_word' id='word_1_250' title='bbox 688 4266 787 4331; x_wconf 79' lang='lat' dir='ltr'><strong>[labio</strong></span> <span class='ocrx_word' id='word_1_251' title='bbox 808 4267 968 4346; x_wconf 89' lang='lat' dir='ltr'><strong>tribuunt,</strong></span> <span class='ocrx_word' id='word_1_252' title='bbox 995 4291 1058 4334; x_wconf 92' lang='lat' dir='ltr'><strong>non</strong></span> <span class='ocrx_word' id='word_1_253' title='bbox 1081 4293 1155 4359; x_wconf 81' lang='lat' dir='ltr'><strong>ego,</strong></span> <span class='ocrx_word' id='word_1_254' title='bbox 1179 4295 1252 4336; x_wconf 92' lang='lat' dir='ltr'><strong>nam</strong></span> 
     </span>
     <span class='ocr_line' id='line_1_34' title="bbox 190 4360 1184 4449; baseline 0.006 -6"><span class='ocrx_word' id='word_1_255' title='bbox 190 4379 293 4445; x_wconf 91' lang='lat' dir='ltr'><strong>Pictor</strong></span> <span class='ocrx_word' id='word_1_256' title='bbox 317 4377 441 4444; x_wconf 88' lang='lat' dir='ltr'><strong>nonnisi</strong></span> <span class='ocrx_word' id='word_1_257' title='bbox 466 4379 645 4443; x_wconf 75' lang='lat' dir='ltr'><strong>universum</strong></span> <span class='ocrx_word' id='word_1_258' title='bbox 671 4402 838 4447; x_wconf 88' lang='lat' dir='ltr'><strong>nnmerum</strong></span> <span class='ocrx_word' id='word_1_259' title='bbox 862 4360 1028 4448; x_wconf 87' lang='lat' dir='ltr'><strong>tradidisse</strong></span> <span class='ocrx_word' id='word_1_260' title='bbox 1052 4382 1184 4449; x_wconf 90' lang='lat' dir='ltr'><strong>ridetur.</strong></span> 
     </span>
    </p>
   </div>
   <div class='ocr_carea' id='block_1_5' title="bbox 218 4527 1145 4668">
    <p class='ocr_par' dir='ltr' id='par_1_10' title="bbox 218 4527 1145 4668">
     <span class='ocr_line' id='line_1_35' title="bbox 218 4527 1145 4668; baseline 0.001 -86"><span class='ocrx_word' id='word_1_261' title='bbox 218 4530 237 4598; x_wconf 83' lang='lat'><strong>¹)</strong></span> <span class='ocrx_word' id='word_1_262' title='bbox 255 4533 357 4597; x_wconf 75' lang='lat' dir='ltr'><strong>Eutrop.</strong></span> <span class='ocrx_word' id='word_1_263' title='bbox 376 4532 426 4582; x_wconf 91' lang='lat'>111.</span> <span class='ocrx_word' id='word_1_264' title='bbox 447 4537 469 4579; x_wconf 89' lang='lat'><strong>5.</strong></span> <span class='ocrx_word' id='word_1_265' title='bbox 537 4527 557 4595; x_wconf 74' lang='lat'><strong>²)</strong></span> <span class='ocrx_word' id='word_1_266' title='bbox 576 4530 647 4582; x_wconf 80' lang='lat' dir='ltr'><strong>Oros</strong></span> <span class='ocrx_word' id='word_1_267' title='bbox 667 4533 714 4586; x_wconf 84' lang='lat' dir='ltr'><strong>lv.</strong></span> <span class='ocrx_word' id='word_1_268' title='bbox 736 4539 774 4584; x_wconf 81' lang='lat'><strong>13.</strong></span> <span class='ocrx_word' id='word_1_269' title='bbox 1106 4607 1145 4668; x_wconf 68' lang='grc'><strong>13</strong></span> 
     </span>
    </p>
   </div>
   <div class='ocr_carea' id='block_1_6' title="bbox 0 0 1610 5294">
    <p class='ocr_par' dir='ltr' id='par_1_11' title="bbox 0 0 1610 5294">
     <span class='ocr_line' id='line_1_36' title="bbox 0 0 1610 5294; baseline 0 2"><span class='ocrx_word' id='word_1_270' title='bbox 0 0 1610 5294; x_wconf 95' lang='lat' dir='ltr'><strong> </strong></span> 
     </span>
    </p>
   </div>
  </div>
 </body>
</html>
