3154 5294
326 434 384 495 154
568 447 719 502 o.rso1us
741 447 861 502 sacros,
883 428 1148 512 armorumue).

326 640 422 695 retur.
470 627 584 692 Libros
615 625 705 693 Xuiri
737 623 901 705 adierunt,
926 648 999 690 nam
1024 624 1158 692 deorum
1184 626 1230 691 ira
1251 627 1396 717 pluribus

325 740 426 805 causis
453 752 539 805 mota
564 751 645 818 erat,
670 739 751 804 duae
771 761 887 828 nempe
909 737 1051 804 Vestales
1071 739 1172 829 stupri
1191 752 1280 805 erant
1301 763 1390 807 com·

324 864 449 943 pertas,
483 850 538 916 sed
569 850 648 916 haec
676 874 715 916 ne
744 873 924 930 moremur,
948 874 1013 919 non
1035 850 1121 917 enim
1141 852 1278 918 Fabium
1299 876 1390 943 spec-

323 978 403 1033 tant.
434 965 581 1055 Denique
606 976 731 1030 constat
751 964 903 1030 Romanis
925 964 1080 1055 placuisse
1102 965 1294 1055 legationem
1316 967 1391 1032 mit-

323 1091 391 1147 tere
421 1079 460 1145 ad
490 1078 674 1168 Apollinem
694 1076 889 1168 Delphicum
915 1078 1124 1159 sciscitatum,
1149 1079 1265 1169 quibus
1284 1080 1390 1170 preci-

323 1191 383 1256 bus
413 1191 643 1280 suppliciisque
669 1190 745 1256 deos
770 1203 901 1281 possent
921 1191 1059 1281 placare.
1105 1191 1194 1257 Inter
1215 1205 1390 1272 senatores,

324 1327 360 1370 ex
391 1326 526 1394 quorum
559 1302 669 1368 ordine
698 1303 795 1394 legati
824 1315 914 1369 erant
944 1303 1089 1384 creandi,
1120 1305 1390 1394 circumspicitur,

325 1430 357 1482 et
388 1419 432 1482 sic
460 1417 577 1483 Fabius
607 1417 714 1482 Pictor
741 1429 848 1482 noster
877 1416 1070 1507 legationem
1098 1416 1185 1482 adire
1206 1417 1307 1483 iussus
1327 1431 1391 1498 est,

325 1531 445 1621 quippe
465 1531 521 1620 qui
542 1542 668 1595 senator
690 1541 771 1596 esset
794 1542 816 1596 ¹.

370 1643 463 1708 Anno
485 1647 551 1708 538
570 1655 643 1734 post
663 1666 804 1708 mensem
826 1643 970 1708 sextilem
991 1641 1132 1731 Delphos
1150 1643 1313 1733 prolectas
1330 1655 1392 1720 est,

324 1781 399 1825 nam
427 1754 533 1821 clades
565 1754 738 1822 Cannensis
765 1755 881 1822 accidit
903 1768 914 1806 ²
938 1767 1011 1821 ante
1037 1755 1121 1823 diem
1147 1756 1193 1823 lt
1220 1780 1295 1824 non.
1316 1771 1392 1825 sert.

324 1870 447 1937 Eodem
472 1892 556 1935 anno
581 1869 684 1933 fertur
714 1890 857 1934 reversus
887 1888 956 1934 esse
980 1893 997 1935 a
1017 1868 1126 1947 Lirio,
1151 1869 1207 1958 qui
1226 1869 1394 1961 descripsit

324 2007 389 2074 quo
417 1981 513 2047 modo
543 1981 661 2049 Fabius
690 1982 848 2072 legatione
877 2004 909 2046 se
929 1981 1075 2049 functum
1099 2004 1164 2047 esse
1182 1984 1337 2048 enarravit
1357 1984 1392 2048 in

325 2107 451 2175 senatu;
475 2094 583 2160 hausit
601 2094 657 2159 illa
676 2117 712 2160 ex
733 2094 832 2184 ipsius
852 2093 945 2159 Fabii
965 2094 1072 2172 libris,
1097 2095 1221 2186 opinor.
1257 2096 1393 2186 Legatos

324 2232 441 2300 nempe
471 2209 578 2274 laurea
609 2230 725 2272 corona
755 2219 903 2273 ornatum
935 2208 1131 2275 consuluisse
1154 2221 1259 2279 narrat
1280 2231 1394 2279 oracu-

324 2324 411 2402 lum,
445 2335 514 2388 tum
542 2345 583 2387 ex
611 2323 732 2413 templo
759 2342 918 2411 egressum
945 2343 1028 2400 esse3
1058 2321 1102 2386 sic
1125 2323 1208 2388 enim
1234 2323 1320 2414 apud
1339 2323 1394 2388 Li·

324 2438 412 2504 vium
442 2434 648 2501 scribendum
677 2446 741 2514 est,
775 2456 840 2499 non
865 2432 956 2499 dedit
985 2457 1049 2498 »se
1075 2435 1205 2500 oraculo
1234 2420 1392 2524 egressuin

324 2552 488 2641 extemplo
517 2549 565 2615 his
596 2549 743 2617 omnibus
774 2548 854 2614 divis
883 2570 949 2613 rem
980 2547 1120 2612 divinam
1149 2548 1290 2628 secisse'',
1318 2573 1393 2616 nam

325 2663 502 2730 secundum
534 2662 655 2729 oraculi
685 2661 806 2729 iussum
835 2683 978 2750 egressus
1002 2672 1049 2726 est
1072 2683 1089 2725 e
1111 2663 1230 2752 templo
1253 2673 1284 2728 et
1305 2685 1393 2729 sacra

324 2776 402 2841 fecit
429 2775 510 2840 diris
540 2774 705 2853 omuibus,
738 2773 819 2839 sicut
846 2772 931 2838 Deus
963 2773 1116 2852 iussisset,
1149 2786 1219 2840 ture
1243 2797 1279 2840 ac
1299 2778 1393 2853 sino,

326 2902 394 2954 tum
420 2897 590 2952 coronatus
615 2908 727 2951 navem
748 2884 930 2962 adscendit,
954 2905 1168 2974 coronamque
1190 2886 1312 2952 Romae
1333 2887 1391 2954 de-

324 3024 414 3067 mum
434 3010 562 3090 peracta
584 2999 743 3088 legatione
762 2997 909 3087 deposuit
925 2996 959 3062 in
977 3019 1063 3061 aram
1083 2998 1252 3087 Apollinis.
1290 3000 1393 3080 llaec,

326 3112 413 3205 quod
437 3111 475 3176 ad
499 3111 652 3176 solemnia
673 3111 804 3189 attinet,
828 3111 933 3199 ipsum
955 3109 1006 3174 dei
1025 3132 1211 3200 responsum
1228 3112 1392 3179 in‘seuatu

327 3252 364 3295 ex
394 3228 513 3316 scripto
544 3225 687 3290 recitarit
719 3246 756 3290 er
789 3222 910 3288 Graeco
938 3223 1194 3314 interpretatum:
1226 3226 1392 3292 victoriam

324 3364 422 3434 penes
450 3339 612 3404 Romanos
647 3338 733 3415 fore,
766 3335 847 3402 disis
873 3336 899 3400 si
930 3336 1178 3427 supplicationes
1209 3338 1310 3404 laetae
1340 3362 1392 3405 es-

325 3468 411 3534 sent,
443 3465 476 3521 et
503 3452 547 3517 sic
576 3451 740 3543 republica
773 3456 894 3517 servata
923 3473 981 3538 pro
1008 3451 1104 3516 lucris
1128 3451 1247 3516 meritis
1268 3451 1392 3521 donum

324 3566 516 3635 mittendum
546 3589 612 3633 esse
640 3563 784 3655 Apollini
812 3562 852 3628 de
876 3563 1010 3653 praeda,
1034 3565 1192 3634 manubiis
1216 3565 1393 3656 spoliisque

324 3682 476 3748 hostium.
525 3679 617 3745 huno
647 3682 710 3745 547
740 3675 822 3741 illud
854 3675 975 3745 lactum
1005 3700 1071 3743 esse
1101 3677 1196 3743 tradit
1226 3677 1333 3745 Livius
1357 3691 1391 3761 ³,

324 3808 402 3861 tuno
423 3794 467 3861 M.
488 3791 682 3881 Pomponius
702 3800 734 3855 et
760 3788 797 3871 Q.
817 3786 926 3855 Catius
946 3813 1097 3857 coronam
1117 3813 1154 3857 ex
1171 3791 1290 3881 praeda
1307 3791 1392 3858 llas·

324 3906 468 3978 drubalis,
492 3928 619 3973 auream
646 3902 823 3968 ducentum
840 3902 950 3991 pondo
971 3915 1004 3969 et
1024 3904 1191 3971 simulacra
1212 3904 1390 3995 spoliorum

324 4044 361 4087 ex
397 4020 487 4085 mille
522 4017 629 4108 pondo
659 4015 780 4104 argenti
807 4015 889 4080 saeta
921 4015 1065 4107 Delphos
1092 4030 1271 4107 portarunt.
1340 4019 1388 4084 tta

324 4145 450 4199 senatus
477 4131 624 4197 consulto
645 4129 684 4195 de
703 4129 894 4219 pontificum
917 4131 1072 4195 sententia
1095 4154 1144 4197 res
1165 4131 1290 4199 divinae
1311 4155 1387 4223 sup·

323 4246 576 4338 plicationesque
606 4265 728 4307 summa
752 4263 826 4306 cura
851 4242 955 4308 sactae
979 4255 1062 4311 sunt.

354 4496 374 4566 ¹)
391 4497 481 4563 Polyb.
499 4496 549 4549 111.
569 4501 584 4546 9
603 4497 659 4560 §h
711 4493 732 4563 ²)
750 4496 863 4550 Macrob.
882 4491 936 4548 Sat.
953 4499 978 4549 Ι.
1000 4501 1041 4550 16.
1093 4494 1113 4563 ³)
1132 4496 1265 4552 XXVIII.
1284 4504 1328 4551 t5.
