3212 5294
523 475 697 520 rnscusnrs
720 476 879 520 suasurus.
1184 460 1238 522 191

220 654 277 719 Est
304 651 435 719 historia
464 653 540 718 anni
567 656 651 733 460,
675 675 753 720 coss.
775 653 811 719 L.
834 652 1014 719 Postumius
1036 652 1192 744 Megellus
1211 656 1241 720 ll

177 778 208 831 et
234 765 276 833 Μ.
307 765 422 831 tritius
443 766 601 857 Regulum
624 789 759 858 quorum
781 765 850 846 hie,
879 779 915 831 ut
933 766 1033 831 altera
1053 766 1137 832 fama
1157 766 1241 833 fere·

177 879 245 958 bat,
277 880 309 944 in
335 877 500 947 Samnium
521 881 685 972 profectus
706 892 771 958 est,
795 881 872 946 dum
893 880 1090 946 Postumium
1111 879 1241 946 adversa

176 991 326 1059 valetudo
356 994 478 1059 Romae
498 993 620 1072 tenuit,
642 993 746 1060 donec
768 993 860 1060 clade
878 992 1001 1083 collega
1026 994 1155 1059 affectus
1175 1005 1240 1073 est,

174 1117 244 1171 tum
275 1107 326 1172 rix
353 1107 476 1173 validus
504 1107 545 1173 ab
568 1105 647 1174 Sora
666 1106 700 1173 in
720 1105 887 1173 Samnium
907 1128 979 1172 cunr
1000 1107 1063 1172 suis
1084 1108 1241 1196 perrexit,

176 1230 208 1285 et
218 1219 397 1287 Milioniam
416 1221 502 1312 cepit
523 1244 586 1287 non
607 1221 674 1287 sine
693 1244 808 1311 magua
827 1220 934 1287 caede.
979 1223 1104 1287 Interea
1126 1219 1240 1285 lulius

176 1333 260 1398 solus
290 1333 329 1399 ad
350 1333 517 1400 Luceriam
535 1358 665 1401 manum
685 1335 847 1400 conseruit
866 1357 940 1400 cum
962 1331 1180 1415 Samnitibus,
1203 1355 1240 1398 cr

175 1445 292 1535 quibus
315 1446 430 1537 pugnis
450 1446 500 1512 vir
520 1447 621 1513 victor
640 1446 729 1512 abiit.
778 1447 868 1512 Tunc
888 1447 1069 1512 Postumius
1089 1445 1123 1510 iu
1143 1445 1240 1510 lltru·

172 1560 250 1625 riam
282 1560 453 1626 exercitum
483 1559 641 1640 traduxit,
672 1559 728 1625 ubi
755 1571 818 1625 tres
843 1560 936 1625 urbes
956 1560 1041 1649 cepit
1063 1580 1241 1649 pacemque

172 1671 265 1751 fecit;
290 1671 330 1738 de
353 1672 523 1765 triumphis
548 1674 651 1740 multa
672 1674 789 1764 agitata
809 1686 898 1753 sunt,
921 1673 962 1740 do
981 1672 1098 1764 quibus
1117 1672 1241 1737 variant

173 1783 332 1851 historici:
361 1786 538 1853 secundnm
567 1787 676 1853 Pastas
709 1786 889 1852 Postumius
917 1786 958 1852 de
987 1784 1182 1850 Samnitibus
1210 1796 1241 1850 ct

173 1897 331 1977 Etruscis,
358 1899 472 1965 Atilius
496 1899 536 1965 de
562 1899 756 1965 Volsonibus
785 1911 817 1965 et
844 1898 1040 1966 Samnitibus
1061 1880 1240 1988 triumpha-

171 2012 228 2076 vit.
272 2010 460 2078 Audivimus
488 2012 585 2078 modo
611 2012 738 2078 Livium
764 2037 802 2079 es
827 2013 929 2079 Pabio
952 2023 1103 2078 testatum
1130 2010 1240 2076 ambos

172 2123 319 2189 consules
341 2124 373 2189 in
395 2122 527 2190 Samnio
545 2136 577 2191 et
597 2124 636 2190 ad
655 2124 822 2190 Luceriam
840 2149 887 2191 res
902 2123 1047 2214 gessissc3
1068 2135 1137 2189 utra
1156 2124 1240 2191 fama

172 2236 375 2302 verisimilior
401 2237 461 2314 sit,
490 2260 555 2303 non
586 2237 680 2304 facile
709 2238 780 2327 quis
808 2237 952 2316 dirimet,
977 2259 1050 2301 nam
1076 2238 1125 2302 vel
1147 2236 1239 2304 Livio

172 2361 252 2415 teste
272 2362 334 2415 »ct
354 2349 448 2416 buius
471 2352 547 2417 anni
567 2374 680 2443 parum
701 2362 847 2416 constans
867 2351 1017 2416 memoria
1039 2352 1116 2415 est.'’

167 2569 225 2639 ΝΟ.
261 2571 377 2640 XXXI.
424 2573 502 2650 Φησὶ
525 2574 551 2639 δ’
574 2574 588 2638 o‘
614 2576 823 2658 συγγραφεὺς
848 2574 967 2653 Φάβιος
993 2573 1162 2653 Ῥωμαίους
1188 2576 1237 2641 ovi-

258 2685 384 2752 cds'cdcn
402 2691 455 2751 τοῦ
472 2688 608 2753 πλούτου
634 2686 707 2753 τότε
733 2693 870 2768 πρῶτον,
894 2681 946 2751 dra
972 2692 1025 2752 τοῦ
1048 2683 1147 2759 ἔθνους
1167 2687 1238 2752 vod-

261 2820 316 2862 του
348 2795 484 2887 (Sabini)
516 2799 718 2875 κατέστησαν
745 2798 837 2880 κύριοι
861 2809 885 2863 ¹.

213 2907 288 2976 Non
310 2909 426 2976 iniuria
447 2910 508 2976 hoc
527 2932 657 3002 quoque
677 2911 890 3003 fragmentum
911 2911 951 2977 ad
972 2911 1130 2978 Pictorem
1149 2923 1237 2978 retu·

168 3021 262 3101 loris,
286 3023 410 3090 etiamsi
432 3048 498 3089 non
520 3035 606 3090 carto
626 3036 749 3089 constat
768 3047 840 3090 eum
858 3025 941 3092 illud
961 3027 1156 3102 observasse,
1181 3022 1238 3090 ubi

169 3135 211 3201 de
244 3136 340 3202 bellis
368 3136 550 3203 Samniticis
577 3138 753 3228 scripserit,
775 3138 945 3204 nonenim
971 3137 1083 3203 Sabini
1104 3138 1238 3226 antiquo

168 3271 264 3315 sensu
284 3249 488 3339 intelligendi
509 3261 599 3329 sunt,
623 3273 761 3340 quorum
780 3275 885 3317 mores
906 3251 1114 3342 simpliciores
1131 3262 1238 3330 ovant,

168 3362 224 3428 sed
262 3362 391 3430 ditiores
424 3361 598 3442 Samnites,
633 3386 698 3453 quo
731 3364 860 3430 nomine
889 3363 988 3453 magis
1018 3364 1236 3429 innotuerunt

169 3473 323 3566 Suspicor
348 3489 453 3541 autem
478 3475 669 3541 Strabonem
694 3474 782 3542 hunc
804 3476 910 3541 locum
930 3474 1061 3542 aliunde
1082 3474 1237 3553 hausisse,

170 3611 278 3678 neque
300 3602 378 3655 tunc
398 3590 533 3679 amplius
555 3601 675 3654 veteres
694 3590 824 3655 annales
845 3588 938 3656 huius
958 3589 1081 3679 generis
1092 3588 1238 3653 lectitari.

170 3700 299 3767 Bonum
320 3712 427 3765 tamen
447 3699 585 3778 factum,
604 3699 692 3789 quod
712 3698 827 3765 Strabo
849 3701 1018 3767 subiecerit
1038 3699 1078 3766 de
1098 3699 1238 3765 subactis

169 3811 371 3879 Samnitibus
396 3812 454 3878 illo
475 3812 549 3878 loco
567 3834 746 3878 sermonem
766 3834 852 3890 esse,
881 3836 946 3905 qao
970 3812 1099 3879 nomine
1119 3814 1238 3878 omisso

166 3949 265 4016 prava
294 3950 369 3992 mox
398 3937 581 3995 nasceretur
605 3925 743 4015 suspicio
769 3939 900 4016 propter
921 3938 1011 3992 vetus
1034 3924 1181 4015 adagium
1205 3936 1235 3989 ²:

168 4061 207 4104 cr
234 4038 322 4104 hello
346 4037 536 4105 Antiochino
556 4038 714 4104 luxuriam
739 4038 891 4104 Romanis
911 4061 977 4105 csse
1000 4048 1123 4117 natam;
1146 4038 1237 4128 atqui

167 4151 332 4241 probabili
356 4164 542 4241 argumento
567 4150 655 4217 hunc
680 4153 789 4218 locum
808 4152 910 4219 Fabio
931 4152 1110 4220 Serviliauo
1131 4151 1236 4218 vindi-

169 4284 273 4343 cares,
299 4264 385 4354 quod
408 4286 494 4330 nunc
513 4264 622 4330 saltem
644 4288 709 4330 non
732 4265 926 4332 faciendum.

198 4511 219 4580 ¹)
235 4515 318 4566 Strab.
328 4517 361 4567 V.
372 4522 436 4581 3,p.
447 4519 497 4566 228
508 4516 546 4566 ed.
556 4514 625 4578 Cau,
640 4531 664 4581 p.
680 4519 731 4569 atu
746 4517 786 4568 ed.
796 4498 910 4568 Tauchn.
963 4510 984 4584 ²)
1001 4518 1058 4569 Liv.
1073 4516 1205 4568 XXXIX.
1216 4520 1241 4567 6.
1346 4574 1348 4579 ¹
