3212 5294
542 476 717 521 aurearum
742 475 902 521 sasamon.
1200 455 1255 520 181

183 654 257 720 tior
278 653 384 720 minus
405 661 516 719 notum
538 652 695 744 adscripta
711 665 797 733 erat,
820 653 874 719 sed
895 677 913 718 a
936 653 1072 720 librariis
1093 654 1126 719 in
1146 653 1245 721 finem

182 768 358 833 sententiae
395 766 500 833 delata
528 779 591 845 est,
626 767 743 857 quibos
770 779 856 833 reete
896 768 1026 833 omnino
1058 767 1100 832 rai
1135 765 1242 848 ψοὶλοο.

182 879 244 946 iam
277 881 352 946 satis
380 881 534 971 explicata
564 879 754 946 ridebantur
773 879 871 970 peril
894 883 962 962 περὶ
986 889 1050 954 τοῖς
1073 881 1242 961 ἀριστεροῖς

183 993 352 1076 βροχίοσον
376 993 513 1077 ἐφόρουν.

227 1103 371 1171 Servavit
399 1106 490 1172 nobis
518 1105 580 1172 boc
607 1106 819 1197 fragmentum
841 1105 1011 1195 Dionysius
1030 1117 1161 1196 propter
1182 1105 1243 1170 dn·

181 1218 300 1310 plicam
319 1218 360 1285 de
372 1220 504 1310 Tarpeia
524 1221 656 1299 iamam3
680 1220 751 1287 Piso
771 1220 875 1298 euim,
899 1221 956 1312 qui
974 1242 1039 1286 non
1059 1241 1242 1309 concoque-

183 1330 237 1396 bat
257 1332 418 1422 vulgarem
438 1332 627 1423 proditionis
646 1331 808 1399 historiam
828 1355 901 1398 cum
921 1331 1061 1411 honore,
1082 1354 1147 1422 qno
1164 1331 1242 1397 Tar·

179 1444 270 1533 peiae
301 1443 468 1511 fruebatur
498 1447 668 1524 memoria,
691 1468 748 1512 suo
770 1446 870 1512 Marte
891 1468 957 1512 rem
977 1446 1070 1512 aliter
1087 1445 1243 1535 explicare
1332 1498 1335 1502 Δ

178 1566 315 1621 conatus
333 1568 399 1634 est,
424 1557 521 1622 etsie
542 1556 672 1622 tradidit
692 1556 874 1648 Tarpeiam,
898 1556 974 1623 dum
1024 1568 1090 1621 ater
1109 1554 1243 1646 Spurius

180 1669 251 1735 aliis
273 1668 476 1735 detinebatur
507 1669 656 1759 negotiis,
685 1669 880 1735 collocatam
909 1691 977 1734 esse
1005 1691 1077 1734 cum
1098 1667 1242 1747 Sabinis,

180 1782 297 1874 quibus
316 1804 348 1847 se
365 1804 468 1849 arcem
487 1782 686 1873 prodituram
705 1782 801 1860 dixit,
818 1783 955 1873 pretium
970 1781 1136 1872 stipulata,
1160 1805 1243 1873 quae

181 1894 295 1961 Sabini
322 1895 448 1961 sinistro
474 1893 605 1961 brachio
624 1895 795 1985 gerebant,
817 1897 959 1984 cogitans
989 1917 1053 1960 non
1080 1893 1120 1960 de
1141 1896 1242 1967 aureis

178 2008 331 2089 armillis,
360 2008 442 2073 sicut
461 2006 573 2075 Sabini
590 2009 780 2088 eredebant,
804 2023 836 2075 et
858 2009 975 2075 Fabius
996 2020 1092 2099 atque
1113 2006 1242 2075 Cincius
1329 2066 1333 2073 .

179 2119 393 2199 tradiderunt,
413 2143 521 2187 rerum
541 2121 582 2189 de
597 2122 710 2199 scutis,
733 2133 770 2187 ut
785 2122 830 2187 sic
852 2124 987 2187 inermes
1007 2143 1111 2187 arcem
1123 2123 1243 2211 ingres-

174 2257 229 2324 sos
249 2231 407 2299 Romulus
425 2245 566 2324 caperet:
584 2233 628 2299 ric
646 2233 761 2299 saltem
777 2234 855 2299 boni
872 2232 993 2323 aliquid
1012 2236 1043 2298 iu
1060 2232 1241 2323 proditione

177 2348 236 2412 ista
258 2344 368 2411 fuisset
390 2346 608 2437 memoriaque
629 2345 770 2435 dignum.
808 2345 855 2411 td
879 2368 974 2436 quam
998 2345 1243 2435 explicationem

178 2460 204 2523 si
230 2479 392 2524 recurrere
417 2482 481 2525 non
512 2459 616 2537 lubet,
640 2458 753 2549 quidni
775 2460 938 2550 antiquam
961 2458 1052 2524 Fabii
1074 2455 1241 2548 Cinciiqne

177 2570 296 2637 lamam
325 2571 525 2664 arripiamus,
558 2595 630 2637 nam
652 2572 724 2638 Piso
744 2571 784 2637 dc
807 2595 863 2637 suo
882 2570 1071 2663 excogitauit
1087 2570 1240 2648 alteram,

174 2685 230 2749 eui
262 2682 444 2750 offendebat
472 2685 628 2775 Tarpeiae
650 2685 772 2765 cultus3
807 2697 839 2750 at
864 2682 943 2750 mibi
980 2682 1075 2750 facile
1110 2705 1240 2773 persua·

175 2796 253 2862 dere
282 2818 411 2886 possum
442 2797 592 2887 Tarpeiae
620 2796 806 2863 memoriam
835 2776 1028 2863 celebratam
1054 2820 1120 2863 esse
1140 2796 1180 2861 ab
1201 2819 1239 2862 eo

177 2908 319 2999 populo,
342 2910 394 2973 cui
414 2909 596 2999 prodiderat
612 2931 732 2989 arcem,
756 2934 774 2975 a
794 2907 921 2975 Sabinis
932 2932 1060 2999 nempe,
1084 2910 1141 3001 qui
1163 2922 1240 2976 tnnc

174 3042 250 3086 cum
281 3021 424 3087 Romana
453 3023 549 3113 stirpe
578 3022 782 3101 coaluerunt;
812 3024 844 3087 in
869 3021 963 3088 buius
986 3024 1031 3088 rei
1052 3024 1239 3089 memoriam

175 3134 349 3225 quotannis
370 3156 456 3201 sacra
477 3133 632 3226 quaedam
654 3135 775 3201 fiebant
795 3134 959 3225 Tarpeiae,
983 3134 1028 3199 uil
1049 3134 1239 3214 absurdum;

177 3270 286 3313 rernm
319 3248 465 3314 Pisonem
492 3248 616 3339 fugerat
642 3247 696 3313 illa
716 3247 919 3325 coniunctio,
942 3245 1017 3312 hinc
1037 3270 1118 3312 nora
1137 3248 1238 3337 expli-

176 3360 275 3438 catio,
299 3382 382 3450 qnae
404 3361 551 3426 Romano
570 3359 793 3425 iurisconsulto
812 3360 980 3438 convenit,
1004 3359 1060 3448 qui
1082 3359 1126 3424 sie
1145 3359 1237 3424 sallat

174 3471 406 3551 adversarium,
434 3473 488 3539 sed
515 3472 666 3539 abhorret
684 3497 701 3537 a
721 3473 854 3538 muliere
878 3495 960 3562 quae
979 3471 1024 3537 sic
1045 3494 1109 3537 uon
1130 3474 1236 3561 potuit

175 3585 321 3677 decipere
350 3597 494 3652 strenuos
520 3587 656 3666 milites,
680 3610 696 3651 a
719 3586 836 3677 quibus
855 3608 1018 3676 suppressa
1038 3598 1100 3664 est3
1124 3597 1234 3651 contra

178 3698 210 3762 in
239 3698 406 3764 mulierem
437 3680 556 3791 optime
582 3698 667 3765 cadit
683 3698 824 3790 proditio
847 3698 897 3763 illi
920 3697 1009 3777 duci,
1040 3719 1179 3786 quocum
1201 3699 1233 3763 iu

175 3810 363 3900 proditionis
385 3813 580 3903 praemium,

265 3925 500 4017 »nubendique
520 3927 619 4017 petit,
643 3947 738 4015 quem
760 3925 836 3990 velit
854 3926 920 4015 ipsa
941 3924 1035 3990 diem.
1127 3977 1130 3982 .

220 4039 290 4103 »dt
310 4038 431 4114 Tatius,
450 4038 658 4129 nequeenim
681 4037 792 4102 sceleri
811 4037 900 4103 dedit
920 4037 1018 4102 hostis
1039 4036 1207 4115 bonorem,

263 4151 393 4229 »nube,
411 4151 469 4230 ait,
492 4164 524 4216 et
543 4152 631 4241 regni
651 4150 767 4217 scande
785 4150 892 4217 cubile
911 4151 984 4217 mei.

219 4263 352 4344 abiait,
371 4276 402 4330 et
420 4264 550 4355 ingestis
570 4265 724 4329 comitum
747 4264 948 4355 superobruit
970 4263 1082 4330 armis”
1110 4275 1132 4328 ¹.

202 4511 222 4579 ¹)
238 4518 348 4584 Propert.
366 4520 414 4570 IV.
436 4523 459 4565 4.
482 4519 522 4565 89.
