3210 5300
560 432 582 513 t
601 433 631 495 6.
652 450 759 495 corsua
781 434 850 496 571.
1178 439 1236 500 371

170 645 245 698 tunc
263 631 349 699 enim
371 630 435 698 »in
453 652 519 696 aru
540 627 736 697 Concordiae
752 629 895 697 tortidem
912 628 1025 696 diebus
1042 631 1227 722 sanguinem

167 747 277 837 pletr’,
303 758 339 812 ut
373 745 561 812 norissimus
592 744 667 811 lulii
706 743 917 834 Obsequentis
947 743 1052 810 editor
1084 745 1225 837 scripsit,

169 858 205 927 0.
224 858 323 939 labn,
346 858 463 949 triplici
483 859 577 937 ritio,
593 858 627 923 ni
643 857 754 937 fallor3
769 857 853 947 apud
869 857 995 923 Livium
1011 857 1112 936 enim,
1129 880 1227 948 quem

165 972 381 1063 prodigiorum
401 973 457 1038 ille
476 971 629 1038 collector
647 970 687 1036 ad
707 971 839 1037 verbnm
860 971 1038 1062 descripsit,
1062 972 1228 1038 inuenerat

166 1090 359 1177 »somine
387 1108 445 1176 per
472 1085 608 1152 biduum
636 1084 753 1174 pluisse
777 1084 811 1149 in
829 1107 915 1149 oreo
933 1076 1131 1150 Concordiae
1152 1085 1225 1151 satis

165 1199 366 1279 credebaut'',
393 1200 426 1264 in
456 1199 572 1290 peioris
600 1209 695 1265 notae
721 1198 885 1263 codicibus
910 1199 1071 1264 iuvenitur
1095 1199 1226 1289 quidem

163 1335 245 1391 nra,
269 1312 324 1377 sed
346 1325 433 1379 reete
450 1314 514 1378 iam
534 1312 671 1378 editores
685 1309 766 1376 illud
784 1324 985 1401 spreverunt,
999 1311 1032 1376 in
1049 1312 1128 1378 areis
1144 1313 1226 1378 solet

162 1425 288 1514 pluere,
317 1437 352 1490 ut
380 1424 441 1492 boc
461 1425 530 1515 ipso
553 1447 636 1490 anno
656 1425 688 1488 in
710 1423 846 1488 Vulcani
866 1446 953 1503 area;
976 1446 1084 1490 rernm
1107 1424 1226 1490 codicis

163 1559 255 1606 causa
285 1538 367 1604 labn
395 1538 595 1629 depravatam
619 1537 805 1627 scripturam
833 1549 865 1603 et
890 1536 942 1602 hic
966 1539 1119 1628 praetulit
1142 1550 1174 1604 et
1192 1539 1226 1603 in

162 1653 309 1742 sequenti
333 1652 494 1730 todidem,
518 1674 617 1742 quam
636 1651 772 1716 formam
795 1650 886 1715 nulla
907 1651 1050 1741 analogia
1070 1673 1131 1716 nec
1151 1673 1226 1716 sana

161 1767 242 1832 ratio
257 1763 429 1830 defendere
445 1775 566 1854 potest,
583 1762 637 1828 sod
655 1773 765 1827 tuetur
778 1784 846 1827 eam
865 1761 1066 1828 librariorum
1083 1762 1227 1828 socordia

161 1891 193 1945 et
215 1878 414 1968 ignorantia3
439 1876 524 1968 quod
548 1899 645 1966 genus
667 1873 836 1940 homiuum
855 1876 889 1941 in
911 1875 1000 1940 nulla
1022 1898 1171 1966 requam
1192 1876 1227 1942 in

160 1990 390 2081 orthographia
400 1991 504 2055 minus
520 2000 668 2057 constans
686 2011 754 2054 esse
771 1987 883 2053 Iahnio
903 1988 1003 2056 latere
1021 2013 1086 2056 nou
1105 2001 1226 2081 potest,

157 2116 191 2170 et
218 2116 328 2170 tamen
358 2104 393 2168 in
418 2102 595 2168 novissimis
613 2124 692 2192 quas
712 2101 834 2167 curarit
853 2099 1064 2180 editionibus,
1088 2124 1142 2167 eos
1161 2113 1227 2168 tam

160 2215 273 2282 sedulo
292 2216 434 2282 imitatus
454 2227 515 2294 est,
539 2227 575 2281 ut
596 2214 645 2282 rel
661 2215 694 2279 in
712 2213 889 2280 inritatione
906 2215 965 2279 ista
983 2236 1226 2305 nonnumquam

158 2329 219 2394 sibi
242 2330 310 2420 ipse
329 2351 394 2393 non
416 2328 609 2408 constiterit,
633 2350 741 2393 rerum
762 2327 836 2405 sed,
859 2327 969 2406 aliud,
995 2329 1099 2406 velut,
1123 2338 1226 2417 atque

158 2443 343 2531 promiscue
370 2462 429 2530 per
455 2440 481 2504 d
506 2453 537 2505 et
567 2449 581 2505 t
610 2439 786 2530 scripserit,
820 2437 878 2506 Cn.
900 2452 931 2504 et
957 2440 1036 2519 Gra,
1065 2464 1166 2531 opum
1192 2452 1224 2505 et

158 2559 295 2645 opium,
324 2553 487 2643 impedire
511 2575 568 2641 per
589 2577 620 2617 m
640 2566 671 2618 et
691 2577 729 2633 n,
752 2564 866 2618 cetera.
915 2551 1038 2618 Tertius
1059 2574 1147 2618 error
1166 2565 1226 2631 est,

156 2667 247 2758 quod
267 2665 660 2755 »sanguinem''ediderit;
679 2666 712 2730 in
732 2665 814 2731 Livii
832 2664 995 2731 codicibus
1014 2665 1132 2755 legitur
1150 2667 1224 2756 qui·

157 2779 232 2846 dem
255 2780 471 2859 accusativus,
494 2802 603 2847 rerum
623 2779 719 2845 laeile
737 2778 925 2867 ignoscimus
947 2779 1083 2844 librariis
1098 2780 1156 2869 qui
1170 2801 1226 2845 ao·

156 2893 339 2959 cusatirum
368 2913 442 2958 cum
470 2892 645 2969 infinitivo,
681 2904 717 2957 ut
740 2891 867 2970 dicunt,
895 2891 1139 2959 describendum
1159 2914 1226 2958 esse

155 3005 350 3085 credebant,
368 3016 405 3070 ut
422 3005 507 3096 apud
526 3004 713 3072 Ciceronem
732 3018 741 3055 ¹
765 3027 910 3095 quoque,
927 3006 1122 3071 accusativus
1138 3006 1225 3071 enim

154 3119 358 3209 paucissimis
377 3118 456 3184 locis
475 3118 693 3185 emendandus
719 3130 766 3184 est
786 3119 909 3184 sublata
931 3141 993 3184 uua
1013 3118 1225 3198 litterulam,

153 3254 233 3298 nam
263 3231 442 3297 ablativum
470 3231 503 3296 in
531 3230 643 3295 ceteris
675 3229 852 3307 vocabulis,
882 3229 1021 3294 ubitam
1045 3229 1225 3295 facilenon

154 3345 307 3412 aberrare
324 3353 490 3434 poterant,
506 3342 662 3408 intactum
673 3342 889 3432 reliquerunt,
907 3343 989 3421 oleo,
1007 3342 1091 3422 luto,
1105 3344 1224 3430 ferro,

152 3461 245 3525 lacte
265 3470 321 3523 ant
340 3458 508 3548 lapidibus
530 3455 554 3521 si
573 3455 715 3545 pluisset.

201 3571 387 3636 Redeamus
403 3568 443 3635 ad
463 3569 644 3634 Labeonem
664 3569 810 3658 quicum
827 3566 949 3656 collega
964 3578 1072 3632 eontra
1094 3565 1224 3657 Ligures

151 3685 323 3776 profectus
343 3695 404 3762 est,
427 3683 482 3749 sed
506 3696 540 3748 ut
558 3682 666 3748 Livius
685 3695 697 3732 ²
718 3681 851 3759 fatetur,
868 3681 913 3745 nil
930 3680 1135 3761 memorabile
1152 3705 1225 3771 ges·

151 3800 215 3877 sit,
245 3809 357 3863 contra
384 3796 555 3862 Marcellus
582 3798 668 3861 1200
695 3794 861 3861 Gallorum
887 3793 1020 3874 devicit,
1045 3795 1101 3883 qui
1123 3795 1226 3884 Aqui-

150 3913 252 3978 leiarn
280 3916 442 4000 peterent;
472 3909 589 3999 quibus
610 3931 646 3973 er
665 3907 828 3998 provincia
850 3906 966 3973 exactis
984 3907 1132 3973 lstricum
1152 3907 1224 3972 bel-

150 4024 224 4090 lum
251 4022 360 4088 moliri
384 4021 500 4113 coepit.

199 4135 359 4204 Coloniae
384 4134 447 4201 boc
470 4158 555 4201 anno
575 4133 731 4200 deductae
750 4144 824 4197 sunt
845 4130 884 4196 ad
904 4132 1047 4197 Romana
1067 4131 1223 4222 praesidia

149 4247 334 4333 firmanda,
367 4248 543 4328 Mutinam,
575 4248 720 4315 Parmam
754 4258 786 4312 et
815 4247 849 4310 in
876 4268 985 4335 agrurn
1019 4242 1223 4311 Caletranum

177 4503 199 4570 ι)
219 4500 266 4551 De
286 4496 333 4548 aar.
351 4500 388 4550 11.
411 4503 441 4549 ar
462 4500 477 4562 s
496 4502 536 4548 aa.
606 4491 774 4564 ²)xxx1x.
793 4497 834 4543 ss.
1090 4577 1106 4609 ῃ

1038 4580 1081 4642 24
