3210 5300
576 461 599 544 5
618 462 647 526 8.
668 478 810 523 nrcraron
831 463 900 525 537.
1213 463 1274 524 325

245 656 306 723 llio
325 654 455 721 tandem
475 652 661 745 quiescendi
678 653 770 720 locus
788 665 870 736 erat,
893 654 1010 722 Fabius
1035 657 1185 748 magistro
1200 657 1264 725 Mi·

192 770 285 837 nocio
304 770 337 834 in
354 767 461 834 castris
478 766 592 834 relicto
612 767 749 833 Romam
765 790 906 834 reversus
920 780 1137 837 estsacrorum
1151 793 1260 852 causa,

193 894 229 948 ut
256 881 364 948 lerunt
393 892 426 961 ¹,
455 879 509 946 sed
532 879 672 947 Zonarae
692 891 705 930 ²
728 880 811 951 illud
832 880 919 947 acret
943 906 973 947 τι
999 882 1142 961 δημόσιον
1164 883 1258 974 longe
1332 966 1337 975 1

192 995 306 1062 melius
325 1005 389 1074 est,
413 1017 488 1060 uam
506 993 641 1060 Romam
660 1016 693 1059 se
713 994 850 1060 contulit
862 993 938 1075 ille,
963 1005 999 1061 ut
1017 995 1155 1061 comitiis
1164 1019 1260 1088 prae·

191 1121 291 1189 esset,
315 1108 431 1199 quibus
460 1107 492 1172 in
518 1106 669 1173 Flaminii
689 1107 797 1173 locum
819 1107 936 1173 Atilius
952 1107 1093 1198 Regulus
1111 1120 1124 1159 ⁸
1144 1109 1258 1174 consul

192 1232 240 1288 est
266 1220 385 1298 lactus3
412 1241 495 1309 quae
522 1218 735 1285 etiamsinon
762 1217 878 1285 diserte
897 1219 1040 1285 historici
1058 1219 1103 1284 sic
1121 1220 1258 1286 coniun-

192 1346 287 1424 gunt,
319 1331 432 1422 procul
461 1330 560 1397 dubio
587 1331 631 1396 sic
654 1330 838 1399 cohaerent.
884 1329 1037 1398 Nondum
1059 1331 1258 1400 consuleret

192 1447 295 1513 factus
324 1447 356 1510 in
387 1444 483 1512 occisi
512 1444 638 1523 locum,
670 1466 731 1510 neo
758 1456 931 1535 potueruut
964 1442 1094 1511 comitia
1129 1443 1258 1525 haberi,

190 1582 264 1625 nam
289 1555 440 1624 Servilius
459 1555 567 1623 aberat
588 1578 711 1624 necnon
733 1555 886 1636 dictator,
909 1556 1095 1647 quistatim
1119 1556 1158 1623 eh
1177 1557 1257 1624 inito

190 1672 375 1761 magistratu
394 1670 519 1736 bellum
538 1669 664 1760 aliaque
687 1669 809 1736 curarit
829 1669 870 1735 de
888 1691 973 1736 noro
994 1669 1126 1736 consule
1143 1694 1257 1761 parum

190 1783 361 1862 sollicitum
384 1807 471 1850 nnnc
492 1806 585 1864 vero,
609 1805 709 1873 quum
734 1783 859 1849 Poenus
877 1782 910 1848 iu
933 1782 1081 1874 Apuliam
1103 1794 1184 1849 esset
1205 1807 1256 1850 re-

187 1919 311 1976 rersus,
334 1896 504 1962 laxamenti
525 1894 648 1986 aliquid
668 1905 737 1962 erat
757 1895 868 1963 datum
889 1906 921 1961 et
940 1894 1035 1961 breve
1064 1895 1157 1985 petiit
1189 1896 1254 1963 Ur·

187 2009 281 2088 hem,
311 2032 376 2074 non
400 2030 560 2074 sacrorum
581 2030 695 2088 causa,
716 2010 873 2074 namium
894 2007 968 2074 satis
986 2028 1072 2073 sacra
1093 2007 1255 2089 fecerant,

187 2122 241 2189 sed
263 2135 298 2188 ut
317 2145 419 2188 uorus
439 2123 530 2188 fieret
549 2121 677 2200 consul,
700 2120 844 2211 Regulus
865 2143 988 2211 nempe.

232 2235 396 2302 llaahhius
424 2247 534 2301 contra
563 2233 639 2299 huic
669 2234 759 2299 Fabii
788 2234 896 2298 itineri
916 2232 1002 2299 aliud
1025 2232 1104 2323 quid
1126 2233 1253 2300 subesse

186 2349 349 2440 opinatur,
381 2346 607 2415 Cunctatorem
626 2370 743 2439 nempe
763 2348 899 2413 Romam
920 2369 987 2413 esse
1007 2346 1189 2412 arcessitum
1211 2347 1252 2412 ad

183 2462 322 2528 rationes
352 2459 548 2539 reddendas,
578 2459 665 2552 quod
689 2460 817 2526 nullum
842 2459 1002 2551 proelium
1028 2480 1102 2525 cum
1128 2458 1251 2524 llanni·

182 2573 256 2640 hale
286 2572 509 2652 commisisset,
538 2573 659 2663 quippe
690 2574 747 2664 qni
774 2585 938 2663 suspectus
964 2595 1003 2637 nn
1030 2572 1145 2639 Poenis
1168 2571 1251 2639 forte

180 2694 358 2777 propensus
387 2694 483 2762 esset,
517 2683 572 2750 cui
595 2683 767 2774 suspicioni
788 2671 896 2750 ansam
916 2683 1005 2751 dedit
1024 2706 1100 2773 ager
1118 2682 1251 2775 quidam
1367 2661 1371 2669 ¹

180 2796 273 2864 Fabii
302 2798 335 2862 in
363 2794 552 2888 Campania,
577 2796 629 2861 cui
650 2808 834 2887 pepercerat
860 2797 984 2864 Poenus
1001 2804 1026 2865 ⁴.
1060 2796 1132 2862 Nou
1152 2798 1249 2864 credo

180 2909 363 2977 llaalrhium
383 2932 493 2976 rerum
514 2908 645 2990 vidisse,
669 2910 828 2976 utstatim
852 2908 1069 2977 demonstrare
1090 2911 1247 2991 conabor,

178 3023 233 3090 sed
256 3022 344 3114 qnod
364 3023 402 3088 ad
422 3045 532 3113 agrum
554 3035 566 3072 ⁶
587 3021 681 3088 illum
700 3023 831 3103 attinet,
852 3046 902 3089 res
923 3048 987 3091 uon
1010 3036 1076 3090 tota
1097 3023 1137 3090 ad
1147 3023 1248 3115 liqui·

178 3136 257 3203 dum
282 3135 415 3227 perduoi
441 3147 565 3227 potest3
596 3133 746 3203 cohaeret
774 3158 848 3202 cum
874 3137 1007 3228 captivis
1027 3159 1108 3227 quos
1121 3136 1243 3204 Fabius

179 3251 221 3318 de
246 3275 302 3318 suo
327 3250 471 3319 redemit.
519 3249 718 3317 Convenerat
736 3273 851 3342 nempe
870 3252 955 3316 inter
975 3248 1089 3328 duces,
1114 3261 1148 3314 ut
1168 3271 1246 3340 oap-

180 3365 237 3432 tiri
263 3375 540 3456 permutarentur,
569 3374 601 3429 et
625 3363 658 3428 in
685 3363 826 3454 singulos
846 3363 964 3429 milites
987 3362 1043 3452 qui
1064 3362 1245 3428 Poenorum

175 3480 374 3570 captivorum
396 3498 566 3543 nnmerum
586 3475 791 3556 excederent,
810 3478 874 3542 247
896 3487 950 3541 aut
969 3473 1146 3540 secundum
1166 3475 1244 3541 Plu·

177 3591 322 3659 tarchum
352 3599 365 3637 ⁰
396 3594 478 3668 240,
506 3590 627 3679 argenti
651 3588 759 3680 pondo
784 3587 860 3653 hina
880 3599 911 3654 et
933 3587 1067 3654 selibrae
1089 3587 1154 3652 sire
1176 3589 1242 3653 250

175 3703 347 3771 drachmae
371 3713 613 3794 praestarentur.
660 3700 779 3767 Verum
807 3713 933 3767 senatus
959 3699 1065 3765 noluit
1087 3697 1150 3764 hoc
1172 3698 1242 3765 loe·
1287 3686 1294 3694 ’

175 3818 237 3883 dus
262 3829 364 3882 ratum
391 3815 510 3896 lacere,
534 3817 599 3881 sire
620 3813 708 3906 quod
729 3815 885 3879 aerarium
906 3813 1076 3892 deiiceret,
1095 3823 1130 3878 ut
1150 3814 1243 3903 equi-

203 4105 223 4167 ¹)
240 4105 331 4169 Polyb.
348 4105 400 4154 111.
420 4109 453 4153 os
472 4106 487 4168 ς
505 4110 533 4165 o;
550 4106 608 4156 Liv.
623 4103 714 4155 XXII.
734 4108 781 4162 om
799 4103 865 4153 Aur.
883 4103 952 4152 vtes.
973 4098 1004 4151 V.
1019 4097 1043 4151 Ι.
1061 4106 1109 4161 am
1127 4100 1174 4152 sil.
1189 4102 1248 4151 unt.

167 4191 230 4241 vn.
249 4195 314 4248 sor,
334 4193 399 4249 acm
423 4189 491 4239 Plus.
513 4188 575 4239 Fau.
595 4195 619 4239 a.
672 4186 693 4254 ²)
711 4189 788 4240 vm.
808 4192 849 4238 26.
902 4183 922 4252 8)
939 4187 1030 4251 Polyb.
1047 4187 1099 4236 111.
1120 4189 1168 4236 roo
1186 4186 1199 4250 o
1216 4192 1246 4244 2;

166 4275 225 4326 mv.
243 4261 334 4325 xxrr.
354 4279 395 4324 25.
448 4271 469 4340 4)
485 4273 544 4325 niv.
562 4273 655 4324 xxrr.
674 4278 720 4333 sm
737 4273 826 4323 oront.
850 4266 928 4321 strar.
946 4271 969 4320 1.
988 4275 1002 4320 a
1029 4271 1043 4333 s
1062 4275 1092 4328 2;
1116 4269 1162 4320 sn.
1186 4269 1245 4320 ran.

167 4360 245 4410 vm.
265 4354 314 4410 too
339 4375 393 4425 sqq.
447 4355 467 4423 ⁵)
484 4360 542 4410 Liv.
566 4357 656 4409 xxn.
681 4359 810 4418 233Va1.
833 4357 907 4407 Max.
924 4356 975 4406 1v.
1000 4358 1025 4406 o.
1047 4359 1075 4415 1,
1098 4355 1149 4404 111.
1169 4357 1193 4404 o.
1215 4361 1246 4414 23

165 4444 231 4495 Aur.
249 4444 317 4494 Viet.
346 4440 415 4494 V.I.
442 4449 490 4509 ⁴¹³⁵
513 4443 563 4493 Dio
579 4440 648 4494 ease.
666 4443 697 4494 fr.
720 4445 761 4494 57.
790 4446 832 4502 16,
858 4445 907 4501 36)
930 4439 997 4491 Plut.
1021 4437 1084 4490 Feb.
1103 4446 1125 4488 et
1143 4436 1203 4488 Per.
1222 4444 1246 4488 3.

161 4525 182 4597 ⁶)
201 4526 264 4578 Fab.
285 4530 307 4577 7¹.
