3210 5300
236 450 257 534 §
279 452 308 515 6.
330 467 439 514 cousus
462 452 504 514 ll.
525 452 595 514 478.
627 451 649 533 §
661 452 688 514 7.
710 473 842 516 suerrus
863 475 1072 521 anaxanoartu
1094 459 1164 522 481.
1214 460 1275 522 293

198 658 305 715 tamen
341 668 455 712 manus
487 668 552 712 non
585 649 765 728 conseruit,
799 672 873 716 nam
904 664 1059 719 autumno
1090 654 1166 719 anni
1200 657 1263 720 476

191 759 334 850 Pyrrhus
363 758 490 825 Italiam
518 760 651 850 reliquit
679 784 697 826 a
727 759 934 850 Syracusanis
954 765 1141 846 arcessitus,
1163 767 1261 833 etsie

192 897 250 967 per
270 885 333 939 tres
350 895 451 938 annos
472 872 624 938 Romanis
644 874 771 964 requies
791 874 853 940 fuit
872 876 951 942 belli
972 900 1044 943 eum
1065 878 1200 967 Pyrrho.

235 986 304 1054 Nee
334 998 441 1052 tamen
470 987 572 1052 otium
602 985 685 1052 illud
716 1000 866 1078 pacatum
901 989 981 1070 luit,
1020 991 1141 1080 Pyrrho
1173 993 1259 1060 enim

189 1100 323 1167 absente
352 1099 504 1166 Romanis
533 1098 709 1189 subigenda
736 1114 803 1167 erat
823 1102 907 1170 buna
930 1128 1003 1194 pars
1024 1102 1151 1185 ltaliae,
1176 1129 1259 1196 quae

190 1215 232 1283 ab
260 1213 299 1279 iis
327 1212 504 1291 defecerat,
534 1213 668 1279 simulas
693 1236 835 1282 summus
854 1217 912 1283 ille
932 1217 1010 1283 belli
1032 1218 1097 1284 dur
1116 1220 1148 1285 in
1170 1220 1259 1310 Mag·

189 1350 264 1392 nam
287 1325 452 1392 Graeciam
473 1326 639 1394 traiecerat
659 1328 833 1419 affulgente
854 1353 910 1421 spe
929 1330 1094 1398 libertatis.
1141 1331 1258 1399 Perre·

189 1450 278 1505 uerat
307 1439 363 1505 ille
387 1438 639 1531 populabundus
662 1440 724 1506 iam
745 1441 785 1506 ad
807 1442 996 1524 Praeneste,
1018 1443 1051 1509 id
1072 1458 1119 1512 est
1138 1444 1179 1509 ad
1197 1444 1257 1510 XX

187 1552 349 1644 lapidem,
382 1553 467 1617 unde
497 1552 592 1618 facile
619 1552 810 1643 intelligitur
838 1556 949 1622 ambos
973 1557 1122 1623 eonsules
1143 1570 1257 1623 eontra

187 1688 305 1731 norum
325 1664 583 1732 bostemmissus
604 1689 686 1745 esse,
710 1689 806 1757 quem
828 1669 953 1735 etiamsi
970 1670 1096 1736 vincere
1113 1693 1177 1736 non
1195 1695 1255 1761 po·

186 1778 323 1857 tuerint,
355 1780 416 1844 toti
439 1778 570 1844 suerunt
588 1779 622 1844 in
643 1779 827 1870 subigendis
843 1779 957 1847 ltaliae
973 1783 1117 1874 populis;
1135 1781 1175 1848 de
1192 1784 1254 1848 Fa·

185 1890 289 1956 brioio
298 1901 426 1982 praeter
436 1891 545 1956 Faetus
556 1891 730 1982 Eutropius
744 1903 752 1941 ¹
769 1904 801 1957 et
811 1892 974 1959 Valerius2
985 1892 1253 1974 docent,G.Iunii

185 2004 366 2096 triumphus
394 2004 435 2069 de
462 2004 599 2070 Lucanis
628 2016 660 2069 et
688 2004 820 2070 Bruttiis
849 2029 933 2071 annu
963 2009 1026 2073 477
1052 2020 1084 2073 et
1112 2006 1252 2098 Gurgitis

183 2117 284 2184 nostri
311 2115 351 2182 de
381 2114 593 2193 Samnitibus,
626 2115 764 2181 Lucanis
790 2129 822 2182 et
850 2117 981 2184 Bruttiis
1007 2141 1024 2183 a
1049 2118 1125 2183 solis
1149 2119 1250 2185 Fastis

181 2229 366 2309 traduntur,
397 2251 457 2295 nee
483 2228 557 2294 ideo
580 2229 618 2294 iis
639 2228 737 2295 fidem
757 2229 951 2320 denegamus
969 2230 1002 2295 in
1023 2252 1149 2296 summu
1169 2231 1251 2297 elas·

182 2344 317 2409 uicorum
343 2342 492 2433 penuria,
516 2365 589 2407 nam
611 2341 668 2407 ubi
687 2343 784 2408 semel
807 2342 947 2432 Pyrrhus
970 2345 1072 2410 solum
1097 2356 1250 2424 verterat,

180 2457 406 2527 difficillimum
437 2468 504 2521 erat
534 2456 686 2522 Romanis
716 2455 893 2546 legionibus
927 2458 959 2521 in
984 2457 1151 2548 pristinam
1181 2457 1248 2522 for-

180 2595 266 2636 mam
286 2569 429 2660 redigere
446 2568 518 2634 illos
536 2569 690 2660 populos,
714 2570 845 2660 quispe
867 2569 1025 2635 libertatis
1046 2569 1129 2636 dune
1153 2569 1247 2636 nobi-

178 2684 300 2751 lissimo
323 2683 515 2749 defecerant.

372 2870 391 2954 §
416 2871 447 2934 7.
492 2865 642 2956 Legatos
663 2865 913 2931 Alexandriam
937 2869 999 2934 481
1030 2876 1055 2932 ³.

222 3025 390 3116 Gurgitem
411 3023 591 3090 interfuisse
610 3023 778 3113 legationi,
802 3046 898 3114 quam
921 3008 1059 3089 Romani
1078 3021 1140 3088 buo
1161 3045 1245 3089 annu

174 3137 213 3203 ad
246 3136 464 3202 Ptolemaeum
493 3135 649 3201 miserunt
680 3133 919 3214 Alexandriam,
951 3157 1044 3226 snpra
1074 3140 1088 3179 ⁴
1118 3135 1151 3199 in
1178 3136 1241 3200 rita

173 3249 320 3316 Numerii
346 3248 479 3314 Pictoris
499 3249 571 3337 (27)
598 3246 743 3313 diximus.
791 3247 837 3313 Ex
857 3271 894 3314 eu
916 3246 1003 3337 quod
1021 3247 1168 3338 princeps
1185 3247 1243 3312 ille

171 3374 299 3430 senatus
326 3361 480 3452 legationi
509 3381 639 3451 quoque
668 3361 817 3450 princeps
846 3359 944 3425 luerit
967 3371 997 3437 ⁵,
1021 3370 1154 3449 apparet
1173 3359 1239 3425 llo·

171 3477 272 3543 mauis
297 3498 412 3542 munus
437 3473 519 3541 illud
545 3476 700 3539 momenti
724 3471 808 3538 haud
834 3495 947 3564 expers
970 3493 1037 3537 esse
1060 3470 1173 3537 risum.

481 3629 509 3712 §
534 3631 566 3694 8.
618 3621 743 3690 Consul
763 3621 821 3690 Ill.
847 3627 921 3692 489.

338 3767 364 3829 o.
384 3763 485 3813 saurus
503 3764 530 3827 Q.
548 3764 572 3813 r.
592 3763 621 3811 ιι.
641 3762 668 3811 s.
689 3760 819 3809 nrxruus
837 3759 948 3808 suasus
969 3760 1002 3806 ιιι
1020 3755 1039 3808 ⁶.

341 3849 367 3899 ι.
385 3849 525 3899 maturus
544 3848 571 3912 Q.
589 3847 614 3896 r.
634 3848 663 3894 ιι.
681 3845 709 3895 u.
728 3845 856 3893 rrruuus.

214 3963 360 4032 innotuit
388 3962 499 4028 tertius
525 3973 556 4027 et
580 3960 712 4026 ultimus
734 3957 874 4049 Gurgitis
897 3955 1081 4024 consulatus
1102 3955 1236 4021 nobilis·

96 4081 99 4087 ’
165 4084 245 4149 sima
267 4099 399 4142 censura
420 4074 476 4142 Gn.
498 4072 641 4141 Cornelii
659 4072 817 4139 blasionis
837 4084 870 4138 et
890 4069 926 4138 G.
946 4069 1057 4136 Marcii
1075 4069 1177 4135 Rutili
1191 4070 1219 4134 ll
1227 4118 1235 4148 ,

194 4264 214 4329 ¹)
232 4266 269 4316 11.
288 4268 327 4325 ¹⁴.-
379 4256 401 4325 t)
418 4260 440 4310 1.
457 4263 482 4307 8.
499 4262 522 4307 6.
574 4253 596 4322 ⁸)
612 4257 689 4307 Dion.
703 4255 765 4306 Hal.
780 4253 843 4304 XX.
860 4258 876 4303 4
882 4274 889 4313 ;
904 4252 955 4303 Dio
968 4251 1036 4305 ears.
1047 4253 1077 4303 fr.
1087 4252 1134 4311 41,
1150 4251 1240 4302 Zunur.

160 4344 614 4408 vm.e;vn.u1ax.1v.s.s.
693 4337 713 4407 ⁴)
731 4340 771 4391 Cf.
789 4340 848 4389 Lib.
866 4339 901 4388 V.
919 4337 981 4402 Cup.
999 4352 1029 4389 ru
1048 4339 1063 4400 ξ
1085 4343 1113 4397 t,
1136 4352 1160 4402 p.
1183 4341 1240 4386 147.

160 4433 180 4500 ³3
197 4434 273 4487 Nieb.
290 4428 325 4481 1t.
338 4427 370 4481 G.
386 4430 437 4481 111.
454 4431 517 4478 641.
560 4423 581 4495 i)
599 4427 668 4478 Furt.
683 4426 724 4479 tri.
741 4427 806 4485 4783
828 4423 918 4475 Ζοιιιι.
928 4422 1006 4474 vm.
1024 4425 1050 4482 t;
1065 4421 1134 4473 Flor.
1151 4420 1173 4471 1.
1193 4425 1223 4469 21

160 4519 213 4573 An.
231 4519 308 4578 Nou,
325 4516 394 4567 Fust
409 4514 460 4568 Sin.
