3190 5304
483 444 503 530 l
525 447 554 509 4.
574 463 682 509 cousus
704 445 773 509 709.
794 445 815 527 §
837 447 993 507 anunm.
1220 449 1280 510 429

255 641 467 710 Renuntiatus
497 655 544 707 est
575 642 631 708 ille
659 641 737 707 bora
766 642 917 733 septima,
940 664 981 706 ne
1003 640 1186 732 respublica
1208 639 1276 707 sino

205 755 389 824 oonsulibus
425 754 546 820 scilieet
585 753 683 832 soret,
716 776 819 843 usque
849 753 889 820 ad
921 752 1073 819 kalendas
1099 753 1272 833 ianuarias,

207 892 289 960 quas
318 880 409 934 erant
433 867 556 933 loturae
577 889 671 935 mane
691 867 862 956 postridie,
887 889 962 958 ergo
982 868 1100 958 pariter
1120 865 1275 935 honorem

206 983 277 1047 iniit
298 994 329 1047 et
351 982 490 1048 eieravit.
540 980 634 1060 ulta,
658 980 764 1071 inquit
787 978 899 1046 Cicero
923 993 947 1060 ¹,
973 979 1107 1047 Caninio
1127 979 1274 1058 consule,

207 1096 286 1162 seito
317 1097 478 1161 neminem
505 1093 678 1185 prandisse.
726 1092 817 1158 Nihil
838 1116 875 1158 eo
904 1093 1035 1159 consule
1056 1093 1134 1160 rnali
1153 1094 1275 1159 lactum

207 1220 269 1287 est,
294 1208 355 1274 luit
378 1210 463 1274 enirn
484 1209 618 1273 mirifica
649 1207 828 1297 vigilantia,
859 1207 914 1298 qui
936 1231 993 1273 suo
1013 1220 1081 1275 toto
1106 1207 1275 1274 consulatu

208 1342 354 1399 somnum
385 1343 448 1385 non
474 1320 623 1397 viderit'’;
652 1330 684 1383 et
716 1341 782 1383 uon
811 1318 878 1382 sine
906 1318 1019 1385 aculeo
1039 1318 1072 1383 in
1095 1317 1275 1400 Gaesarem,

208 1433 265 1524 qui
295 1431 431 1499 bonores
450 1432 657 1523 proiiciebat,
682 1430 813 1496 »solent
822 1479 831 1509 ,
848 1431 954 1520 inquit
973 1444 1004 1509 2,
1034 1454 1100 1497 esse
1131 1433 1274 1498 flamines

208 1545 324 1624 diales,
356 1545 453 1611 modo
485 1545 630 1611 consules
661 1543 760 1609 diales
786 1543 975 1625 habemus'';
1007 1545 1108 1611 fertur
1136 1543 1276 1637 denique

209 1656 342 1725 Caninio
358 1657 559 1748 exprobranti
573 1655 660 1747 quod
677 1656 799 1721 adeum
822 1656 986 1721 consulem
998 1655 1200 1724 salutandum
1212 1681 1276 1724 non

209 1772 357 1845 venisset,
381 1770 509 1835 dixisse:
535 1768 747 1847 ›>veniebam,
772 1768 908 1834 sednon
931 1792 983 1835 rue
1005 1769 1277 1862 comprehendit.”

605 1953 623 2035 §
649 1955 679 2016 5.
727 1950 873 2017 Nummi.

254 2112 269 2175 1
290 2121 312 2174 ⁸.
349 2107 454 2198 Caput
474 2107 622 2185 Veneris;
646 2106 788 2174 Publius
805 2108 844 2172 V
841 2107 1021 2176 ATINIus
1037 2110 1152 2176 Publii
1170 2112 1277 2178 Filius

214 2219 369 2290 consul.

220 2352 223 2357 '
260 2335 401 2423 Quintus
421 2333 618 2402 MAerus
642 2335 755 2423 Quinti
778 2333 893 2400 Illius.
943 2334 1030 2400 Sella
1047 2336 1165 2403 curulis
1182 2361 1277 2430 supra

212 2438 308 2539 quam
346 2470 478 2525 corona,
512 2446 588 2512 hinc
619 2447 792 2526 oaduoeus,
825 2447 899 2513 inde
932 2448 1012 2513 lauri
1039 2472 1161 2531 ramus,
1195 2455 1279 2519 iuter

210 2562 306 2629 sellae
325 2560 423 2653 pedes
444 2559 582 2626 Senatus
609 2559 773 2626 Consulto.

258 2675 401 2742 Goltzius
427 2673 514 2739 huno
538 2673 702 2739 denarium
728 2675 862 2765 protulit
881 2673 920 2740 ad
943 2697 1062 2743 annum
1080 2680 1161 2756 709,
1185 2680 1279 2743 vait-

211 2789 280 2854 lant
300 2800 409 2854 eontra
431 2809 504 2852 eum
525 2788 681 2877 signatum
703 2786 804 2853 credit
826 2812 843 2853 a
864 2786 903 2870 Q.
925 2787 1025 2853 Fabio
1045 2789 1184 2856 Maximo
1202 2815 1277 2858 nos·

213 2913 280 2980 tro,
315 2915 422 2991 quum'
444 2900 643 2965 consuleret
665 2900 825 2979 Vatinius,
849 2899 883 2964 id
903 2912 950 2966 est
969 2924 1054 2965 anno
1077 2905 1159 2979 707;
1183 2915 1279 2993 caput

212 3014 346 3083 Veneris
372 3015 404 3078 in
436 3014 568 3103 gratiam
601 3011 758 3091 Caesaris,
792 3013 952 3104 huiusque
980 3014 1142 3080 victoriam
1173 3029 1277 3082 cetera

212 3128 345 3218 insignia
366 3138 517 3218 spectare.
552 3125 635 3191 Fieri
651 3138 774 3217 potest,
798 3138 834 3193 ut
854 3149 938 3191 anno
957 3129 1021 3190 707
1038 3139 1166 3215 praetor
1182 3128 1278 3194 luerit

212 3253 334 3321 noster,
359 3238 412 3304 sed
437 3238 587 3304 dubitant
611 3239 750 3305 fueritne
771 3261 847 3304 eura
867 3251 1015 3305 monetae
1031 3241 1185 3329 praetoris
1204 3263 1278 3306 mu·

214 3376 291 3434 nus,·
325 3364 428 3418 cetera
456 3375 531 3418 sero
557 3351 689 3441 insignia
718 3375 782 3442 quo
809 3350 906 3417 modo
931 3350 1070 3417 Caesaris
1090 3351 1226 3418 honores
1247 3367 1278 3419 et

213 3467 360 3532 victorias
383 3467 545 3532 illustrent
566 3488 627 3529 non
648 3488 814 3555 assequor,
839 3475 950 3530 contra
972 3465 1034 3530 alia
1053 3465 1146 3556 longe
1167 3467 1278 3532 melius

215 3578 357 3646 caesaris
387 3579 497 3645 laudes
530 3579 776 3668 significassent,
808 3576 948 3668 deniqne
977 3601 1014 3644 ex
1043 3580 1111 3644 aliis
1142 3582 1283 3646 nummis

216 3691 373 3757 conflatus
398 3712 463 3756 esse
489 3689 624 3757 ridetur.

257 3803 291 3871 lI
312 3816 335 3869 ⁴.
383 3803 486 3895 Caput
507 3804 627 3869 Rornae
649 3804 823 3892 galeatum,
846 3827 931 3894 pone
949 3804 1097 3872 ROMA.

220 3934 245 3963 ·'
264 3915 401 4004 Quintus
419 3916 615 3983 Mermus
639 3915 868 4005 Quintilibus
882 3918 995 4006 Quinti
1013 3918 1151 4010 Nepos,
1165 3920 1280 3987 Fabius

217 4041 341 4118 togatus
366 4030 526 4120 quadrigis
554 4028 798 4119 triumphalibus
828 4043 954 4109 vectus,
986 4029 1094 4096 dextra
1125 4030 1278 4114 habenas,

216 4142 339 4208 sinistro
364 4143 538 4234 scipionem
559 4143 752 4223 eburneum,
775 4144 810 4209 in
830 4144 920 4209 ouius
938 4144 1029 4235 apice
1047 4145 1165 4234 aquila.

215 4354 226 4375 ⁵
247 4346 267 4411 Ι)
284 4345 329 4396 Ad
338 4347 406 4413 som.
424 4348 488 4399 VII.
507 4351 540 4396 30
558 4346 571 4411 b
592 4351 619 4406 l,
636 4347 705 4397 Plnt.
719 4345 787 4399 Caes.
798 4353 845 4409 58;
858 4349 908 4398 Dio
922 4347 990 4399 Cass.
1000 4348 1102 4400 XLIII.
1112 4353 1159 4410 463
1174 4353 1286 4405 Macrob.

209 4428 338 4482 Satle.
355 4439 379 4482 3.
409 4426 444 4496 ·²)
461 4431 572 4481 Moarob.
583 4426 638 4480 Sat.
647 4432 711 4483 vn.
725 4439 749 4483 3.
802 4430 823 4500 ³)
840 4432 919 4485 Vnill.
930 4432 980 4485 ΝΟ.
1002 4438 1046 4493 18;
1065 4434 1130 4485 Mor.
1149 4435 1224 4489 XVI.
1246 4444 1285 4489 15.

207 4516 230 4582 ⁴)
249 4515 327 4567 Vaill.
350 4518 398 4567 ΝΟ.
422 4521 467 4576 19;
484 4516 550 4566 Mor.
569 4513 645 4566 XVI.
667 4519 705 4565 16.
1146 4536 1149 4547 ·
