3210 5300
643 438 665 520 §
688 440 735 502 19.
756 457 862 504 nonar.
1230 446 1286 508 cm

218 633 480 726 triumphalibus,
514 632 622 699 dextro
653 631 807 714 habenas,
840 634 963 701 sinistro
995 636 1168 728 scipionem
1190 638 1288 705 ebur·

218 770 314 815 neum
332 760 462 826 tenens3
476 745 615 812 Victoria
630 769 688 837 per
702 769 772 813 aera
786 747 920 815 volitans
931 749 962 815 oi
974 770 1127 818 coronam
1141 752 1286 842 prorigit.

264 860 383 929 Contra
403 860 491 925 buno
510 859 558 924 nil
576 858 680 926 habeo
700 859 944 950 proferendum,
968 874 1080 928 auctor
1098 861 1164 928 eius
1183 863 1286 931 roluit

218 997 292 1041 cum
320 973 437 1040 referre
453 971 493 1038 ad
511 970 714 1039 cunctatoris
729 972 770 1038 de
789 973 960 1063 Liguribus
984 974 1184 1066 triumphum
1208 1000 1285 1068 pro·

216 1099 289 1177 pter
311 1086 499 1152 Victoriam.

264 1200 313 1266 111
338 1213 361 1266 ¹.
394 1198 498 1291 Caput
509 1197 655 1265 Herculis
666 1196 845 1265 diademate
862 1199 1041 1267 revinctum
1057 1211 1089 1266 et
1107 1200 1206 1269 barba
1224 1199 1284 1268 de·

219 1335 343 1392 corum,
376 1311 526 1378 humeros
559 1312 689 1378 eruriae
718 1312 819 1378 leonis
852 1325 966 1379 ornant
992 1325 1024 1379 et
1054 1313 1144 1380 clara
1162 1313 1284 1382 ibidem

218 1437 357 1504 exstans,
380 1436 454 1491 ante
477 1424 615 1512 Quintus
634 1423 825 1492 FABIUS
841 1424 1049 1492 MAerus.

263 1538 409 1604 Desultor
436 1537 469 1603 in
498 1536 604 1627 equis,
627 1559 714 1628 pone
737 1536 786 1618 B,
815 1537 927 1604 subtus
952 1537 992 1606 L.
1015 1538 1054 1627 Q.
1074 1561 1165 1605 mure
1183 1540 1285 1610 inter·

217 1650 341 1729 medio,
364 1650 486 1716 inimo
509 1650 551 1717 Ι).
576 1648 613 1718 S.
639 1648 674 1716 S.

263 1763 514 1854 Harercampius
543 1761 628 1828 bunc
657 1785 735 1855 prae
763 1762 936 1830 Goltnianis
961 1763 1189 1855 multomagis
1213 1788 1283 1833 sns-

215 1888 345 1968 pcctum
370 1875 482 1955 babet,
506 1887 538 1942 et
562 1875 663 1942 credit
685 1875 839 1943 artificem
860 1875 948 1943 hunc
967 1877 1222 1945 accommodasse
1242 1878 1283 1945 ad

217 1990 397 2080 exemplum
430 1989 476 2054 Ti.
500 1987 643 2072 Quinctii
672 1987 892 2068 denariorum,
915 1990 1025 2081 quiin
1047 1991 1219 2059 litterisL.
1241 1991 1284 2080 Q.

216 2115 340 2168 tantum
370 2102 521 2168 differunt
549 2102 589 2167 ab
614 2100 715 2168 hocce
734 2113 860 2192 praeter
881 2101 972 2168 Fabii
990 2126 1120 2171 nomen.
1170 2103 1286 2171 Solent

217 2216 348 2307 genuini
368 2216 421 2282 isti
452 2215 500 2281 Ti.
521 2214 671 2299 Quinctio
699 2213 784 2282 Muri
809 2214 907 2280 tribui
926 2227 958 2281 et
979 2215 1018 2281 ad
1041 2215 1134 2281 ludos
1155 2217 1285 2307 spolti-

216 2351 309 2395 nares
337 2328 402 2395 sire
430 2326 620 2394 desultorios
645 2328 774 2407 referri3
800 2349 910 2395 rerum
934 2327 974 2393 nd
993 2327 1158 2394 historiam
1188 2329 1282 2396 illus·

217 2440 366 2508 trandum
392 2440 440 2506 nil
470 2441 603 2507 faciunt.
651 2440 724 2508 Scio
755 2440 885 2532 quidem
910 2440 950 2506 ad
982 2441 1193 2508 Verrucorum
1215 2462 1283 2508 non

217 2555 329 2623 reiensi
356 2553 443 2620 bunc
472 2553 654 2634 denarium,
678 2554 731 2620 sed
754 2554 861 2620 lubuit
882 2577 969 2620 nunc
988 2554 1029 2621 de
1050 2578 1090 2621 eo
1111 2555 1285 2646 disputare.

216 2665 279 2732 llic
304 2677 413 2732 autem
437 2665 561 2732 facilius
579 2689 677 2756 quarn
696 2667 728 2732 in
749 2666 862 2732 ceteris
881 2680 1031 2758 apparet,
1056 2666 1140 2734 unde
1161 2668 1284 2734 falsarii

217 2802 273 2845 sua
297 2779 549 2872 compilaverint.

262 2891 308 2957 IV
330 2904 356 2959 ².
390 2891 494 2983 (laput
514 2892 634 2958 Romae
655 2892 815 2982 galeatum
837 2915 912 2960 cum
933 2892 1056 2959 denarii
1075 2905 1160 2959 uota.

266 3004 407 3070 Victoria
426 3006 458 3069 in
480 3005 550 3070 citis
565 3004 745 3095 quadrigis,
758 3004 867 3072 deutra
883 3029 993 3096 gerens
1011 3028 1178 3083 coronam,
1194 3006 1286 3075 laesa

216 3118 374 3196 habenas,
399 3118 509 3187 subtus
527 3117 687 3198 ROMA,
708 3118 828 3185 inimo
850 3117 887 3186 C.
906 3120 944 3186 F.
965 3119 1005 3186 L.
1023 3119 1066 3186 Jt.
1091 3118 1132 3206 Q.
1150 3119 1201 3184 M.

262 3231 376 3323 Neque
398 3229 485 3297 hunc
504 3231 544 3297 ad
565 3230 777 3298 Verrucosum
799 3230 949 3311 trabunt,
972 3255 1047 3298 nam
1069 3230 1115 3296 nil
1136 3230 1223 3295 aliud
1244 3254 1284 3298 en

215 3345 287 3436 ipso
314 3344 444 3411 denario
476 3345 593 3410 conlisi
618 3356 739 3434 potest,
763 3368 866 3436 *quam
888 3370 906 3411 a
925 3344 1049 3413 Illriris
1067 3343 1285 3410 monetalibus

216 3481 284 3523 csse
319 3457 493 3548 signatum,
529 3480 665 3548 qnorum
702 3480 785 3525 unus
817 3459 955 3547 Quintus
983 3457 1147 3525 Maximus
1176 3468 1284 3548 potest

215 3570 329 3650 fuisse,
347 3572 409 3637 nisi
427 3572 533 3661 potius
551 3571 588 3659 Q.
600 3571 745 3639 Marcius
761 3570 989 3662 intelligendus
1007 3571 1063 3649 sit,
1083 3568 1170 3660 quod
1188 3569 1285 3659 equi·

215 3683 292 3750 dem
310 3683 574 3774 Harcrcampium
595 3696 721 3751 secutus
739 3684 945 3765 crediderim
962 3684 1094 3775 quinam
1110 3682 1196 3749 illins
1212 3681 1284 3746 col-
1309 3710 1310 3713 ¹

215 3799 305 3889 legae
327 3797 449 3864 fuerint
471 3800 666 3889 ignorantur.
1128 3810 1131 3814 “

262 3911 291 3976 V
312 3924 336 3978 ³.
370 3910 473 4003 Caput
493 3913 614 3979 Romae
634 3911 810 4002 galeatum,
833 3935 916 4002 pone
933 3923 1010 3978 nota
1030 3908 1164 3976 denarii.

263 4023 374 4091 (laetor
402 4037 434 4091 et
464 4025 575 4091 Pollux
606 4025 716 4117 pileati
736 4046 810 4090 oum
828 4025 930 4091 stellis
950 4038 982 4091 et
1001 4023 1117 4091 hastati
1135 4023 1168 4087 in
1191 4019 1286 4111 equis

213 4137 435 4218 decurrentes,
457 4137 652 4219 MArimus,
676 4139 710 4204 in
731 4140 796 4204 imo
817 4137 970 4205 ROMA.

223 4409 268 4475 st)
282 4412 348 4462 Mor.
367 4411 442 4463 XVI.
464 4415 504 4465 lt.
557 4410 578 4480 ²)
595 4413 679 4465 Vaill.
691 4413 739 4466 ΝΟ.
759 4418 804 4476 245
822 4413 888 4467 Mor.
906 4412 975 4473 VII;
993 4410 1064 4467 Ricc·
1079 4411 1130 4465 tab.
1147 4407 1229 4463 XIX.
1246 4412 1302 4459 100¹

201 4497 228 4568 ³)
246 4497 315 4548 Βίου.
333 4497 383 4547 tab.
401 4498 473 4549 LVI.
493 4501 517 4546 3.
1235 4508 1238 4513 “
