3190 5304
579 454 600 537 5
621 457 651 518 t.
672 473 782 518 consue
804 458 873 520 709.
1209 461 1268 523 ⁴27

199 652 312 718 consul
339 662 499 718 crearetur
522 651 648 718 etiamsi
672 653 706 718 in
727 652 881 743 Hispania
900 650 1046 744 deporet3
1068 654 1141 720 iniit
1160 653 1265 720 hono·

199 788 267 832 rem
283 776 454 856 antequam
479 764 614 831 Romam
635 787 779 833 reversus
797 778 854 833 est.
900 765 970 833 Nec
990 788 1065 835 rero
1083 789 1142 857 per
1161 779 1266 832 totum

199 901 321 944 annum
357 879 454 968 gessit
488 877 573 945 hunc
612 880 845 970 magistratum,
883 903 979 970 quem
1014 881 1134 947 Romae
1166 881 1266 947 redux

202 991 322 1076 Quinto
342 991 442 1057 Fabio
462 1002 494 1057 et
514 991 591 1058 Caio
609 992 769 1059 Trebonio
788 993 929 1061 tradidit.
976 994 1018 1061 Hi
1036 1017 1094 1084 per
1113 1005 1174 1060 tres
1193 1006 1267 1059 tan·

201 1117 270 1171 tum
302 1128 425 1171 menses
455 1105 545 1194 fungi
574 1118 723 1197 poterant
751 1106 889 1188 honore,
925 1130 998 1174 nam
1028 1108 1123 1174 rediit
1151 1106 1267 1173 Cacsar

200 1218 293 1283 initio
320 1219 437 1284 mensis
466 1219 615 1287 octobris.
667 1220 766 1286 addit
793 1219 964 1288 Suetonius
987 1235 997 1273 ¹
1024 1222 1118 1288 tertio
1137 1242 1268 1312 quoque

202 1328 342 1397 Caesaris
364 1332 532 1398 consulatu
551 1334 585 1398 in
610 1345 672 1399 tres
693 1334 877 1400 novissimos
893 1358 1017 1401 menses
1035 1334 1182 1400 eonsules
1201 1354 1268 1400 csse

202 1445 407 1523 substitutos,
432 1445 486 1510 sed
510 1445 573 1512 hoc
596 1469 662 1513 non
685 1447 781 1513 credo
806 1470 873 1514 esse
897 1470 1018 1514 rerum.

247 1558 366 1624 Fabius
390 1558 449 1625 sub
472 1557 605 1627 Caesare
624 1562 656 1625 in
680 1561 830 1652 Hispania
849 1562 1039 1627 militaverat
1069 1560 1166 1650 legati
1189 1560 1269 1625 titu-

202 1669 253 1750 lo;
291 1682 387 1762 atque
419 1672 576 1738 coniicere
611 1673 687 1738 licet
715 1696 789 1738 eum
823 1674 857 1738 in
886 1696 1003 1763 magno
1033 1672 1155 1738 honore
1182 1673 1268 1764 apud

204 1782 370 1851 Caesarem
387 1784 499 1864 luisse,
524 1786 642 1876 quippe
667 1787 724 1876 qui
742 1809 805 1852 non
823 1797 948 1852 tantum
970 1784 1126 1877 triumphi
1147 1784 1269 1851 honore

201 1897 233 1963 ei
259 1920 406 1964 concesso
432 1899 482 1965 rel
506 1899 618 1964 consul
648 1899 752 1964 sactus
780 1899 876 1965 fuerit
905 1899 1030 1964 etiamsi
1054 1899 1219 1964 trimestris
1236 1912 1269 1977 ²,

202 2010 246 2075 ita
274 2021 311 2075 ut
339 2011 476 2101 primum
508 2011 617 2077 locum
643 2010 820 2076 obtinuerit
846 2011 929 2076 inter
952 2034 1020 2090 eos,
1046 2010 1102 2102 qui
1121 2011 1269 2102 praemiis

203 2121 361 2188 bellorum
387 2124 528 2190 civilium
552 2123 685 2189 ornandi
709 2135 808 2189 erant.

245 2236 308 2302 Dio
335 2234 460 2303 Cassius
483 2246 496 2284 ³
520 2236 617 2302 tradit
641 2248 673 2303 et
696 2236 832 2302 Fabium
852 2249 884 2302 et
903 2235 1036 2320 Pedium
1056 2235 1115 2301 sub
1137 2234 1270 2303 Caesare

203 2350 372 2430 militasse,
385 2349 501 2440 quibus
512 2351 607 2429 μηδὲν
619 2350 680 2434 ἰδίᾳ
692 2350 902 2431 κατορθώσασι
915 2347 1090 2430 asserentem
1104 2349 1270 2431 ἐπέτρεψε.

203 2463 374 2554 Pompeius
403 2486 517 2553 nempe
549 2486 622 2529 curn
651 2463 714 2528 suis
738 2463 772 2527 in
799 2462 984 2552 Hispaniam
1007 2462 1188 2551 aufugerat,
1212 2461 1269 2527 ubi

204 2575 321 2641 Fabius
352 2587 384 2642 et
413 2576 528 2641 Pedius
558 2575 684 2641 stabant
711 2586 724 2626 ὁ
750 2597 825 2639 cum
845 2576 999 2652 exercitu,
1025 2572 1080 2638 sed
1101 2574 1148 2638 nil
1171 2573 1270 2640 aude·

206 2688 284 2754 bant
302 2687 450 2753 adversus
469 2708 559 2765 eum,
583 2685 686 2750 donec
704 2687 771 2775 ipse
784 2683 899 2750 Caesar
909 2685 1125 2776 supervenerit
1144 2684 1269 2751 devicta

207 2801 325 2867 Africa.
380 2800 462 2865 Tum
496 2799 667 2890 Pompeius
699 2798 732 2864 in
761 2799 921 2863 Baeticam
954 2797 1062 2878 rediit,
1097 2820 1271 2889 omnesque

205 2938 275 2982 oras
293 2915 414 2990 tenuit,
437 2911 516 2977 dum
528 2910 643 2977 Caesar
662 2909 843 2976 Cordubam
861 2911 1007 3001 petebat;
1031 2910 1085 2976 sed
1102 2921 1139 2976 ut
1158 2921 1271 2976 notum

205 3041 269 3108 est,
286 3026 400 3094 Caesar
415 3050 489 3091 mor
500 3025 644 3116 superior
661 3025 739 3104 fuit,
759 3024 814 3114 qui
829 3024 870 3089 ad
887 3024 1039 3091 Mundam
1052 3024 1272 3113 gravissimum

206 3141 367 3207 commisit
393 3138 567 3229 proelium,
596 3138 630 3204 in
658 3160 722 3228 quo
746 3137 906 3204 Labienus
930 3135 1061 3215 cecidit,
1085 3148 1154 3201 tum
1176 3138 1272 3199 Pom·

206 3255 297 3345 peius
326 3252 450 3342 aufugit
476 3262 508 3316 et
534 3273 608 3315 mor
638 3250 734 3341 periit
762 3250 895 3340 eiusque
920 3249 1018 3314 frater
1041 3246 1154 3313 Sextus
1173 3248 1272 3338 paulo

206 3379 279 3459 post
306 3366 338 3430 in
371 3365 446 3453 fuga
476 3374 607 3428 necatus
638 3374 696 3429 est.
743 3361 799 3428 Nil
819 3374 944 3454 poterat
965 3361 1132 3451 Hispania,
1156 3362 1273 3428 frustra

206 3478 388 3558 restitisset,
419 3476 503 3566 cepit
527 3500 602 3565 ergo
627 3474 742 3542 Caesar
763 3475 946 3542 Cordubam
975 3487 1160 3566 ceterasque
1179 3474 1273 3541 urbes

208 3605 240 3660 et
266 3591 307 3657 ad
328 3589 482 3656 Mundam
511 3588 641 3680 reliquit
668 3589 803 3655 Fabium
824 3601 969 3655 nostrum
992 3604 1015 3655 ⁵.
1062 3589 1168 3655 Minus
1187 3601 1274 3655 recte

209 3718 319 3772 tamen
347 3703 479 3771 Fischer
508 3715 521 3755 ⁶
551 3702 645 3768 traxit
672 3701 712 3767 ad
738 3702 821 3769 bano
839 3703 1109 3793 oppugnationem
1130 3725 1274 3768 summae

207 3818 406 3885 crudelitatis
432 3816 629 3908 exemplum,
663 3814 751 3905 quod
781 3816 922 3885 Valerius
946 3825 960 3865 ⁷
985 3829 1018 3883 et
1037 3815 1150 3881 Florus
1169 3824 1182 3863 ⁸
1204 3838 1274 3880 me·

208 3945 351 4012 morant,
372 3932 466 3997 docet
476 3932 563 3997 enim
578 3932 645 4021 ipse
665 3928 759 3994 huius
774 3929 848 3995 belli
860 3941 1008 4009 auctora,
1030 3951 1124 4019 quem
1137 3940 1274 4018 uterque

210 4046 392 4136 descripsit,
415 4044 498 4110 illud
519 4044 670 4110 accidisse
689 4043 794 4108 statim
813 4054 885 4134 post
902 4065 1040 4133 pugnam
1059 4041 1099 4106 ad
1119 4038 1272 4109 Mundam

210 4160 427 4239 commissam,
459 4180 560 4249 quum
592 4179 714 4222 summa
741 4156 772 4223 ri
798 4166 831 4220 et
857 4154 990 4221 immani
1010 4153 1198 4222 crudelitate
1218 4176 1273 4220 eo-

237 4355 259 4423 1)
281 4354 358 4407 cass:
369 4360 410 4406 76.
450 4350 471 4419 ²)
489 4353 559 4405 Suet
582 4349 650 4404 Caes·
669 4359 711 4406 80.
746 4349 766 4417 ⁵)
785 4353 886 4403 XLIII.
901 4357 944 4403 42.
982 4348 1005 4418 ⁴)
1022 4352 1073 4403 Dio
1086 4352 1160 4404 Caes.
1176 4352 1278 4404 XLIII.

201 4446 251 4502 εἰς
269 4442 345 4492 Aust.
363 4438 400 4490 Β.
417 4436 492 4505 Hisp.
512 4444 536 4488 2.
572 4436 592 4504 5)
609 4439 684 4490 Aoos.
700 4436 735 4488 B.
748 4435 821 4503 Hisp.
836 4442 878 4486 41.
912 4435 933 4507 Β)
950 4433 1021 4489 Rom.
1038 4435 1145 4505 zeittes.
1160 4453 1185 4502 p.
1200 4441 1248 4488 ³01
1261 4434 1278 4486 I.

153 4534 156 4540 ·
199 4525 222 4595 ⁷)
240 4527 303 4580 vu.
323 4530 347 4575 e.
365 4529 388 4577 s.
459 4523 480 4589 Β)
498 4524 670 4590 russas.
741 4520 840 4592 9resp.
858 4527 901 4574 ae.
