3194 5302
288 433 316 485 o.
337 432 442 477 rsnrns
462 432 494 477 rr.
515 434 541 476 r.
564 433 592 477 r.
613 434 641 477 u.
664 433 825 479 vrannsnus
845 416 900 499 (5).
930 417 953 500 5
975 421 1003 481 1.
1024 436 1124 481 arras.
1207 423 1247 482 55

174 608 352 689 credamus,
376 610 433 700 qui
452 621 531 679 teste
551 607 664 679 Oresio
686 623 696 659 ¹
720 610 805 677 solus
825 609 925 678 cladis
944 612 1076 679 nuntius
1092 634 1129 680 er
1145 636 1239 704 prae·

174 722 252 789 sidio
275 723 363 789 sirus
382 745 524 791 resersus
540 735 635 803 asset;
655 746 765 814 neque
781 735 961 795 contortam
977 724 1116 793 Haalhii
1134 729 1238 818 suspi-
1262 750 1264 755 ¹

173 836 298 905 cionem
325 837 530 928 arripiamus,
559 836 616 927 qui
640 835 759 905 famam
783 837 905 904 iuvenis
925 837 1014 903 domi
1034 838 1140 905 relicti
1159 862 1238 906 cou-

172 949 276 1039 iunpit
291 971 365 1019 cum
383 971 438 1030 oo,
460 948 549 1040 quod
564 949 704 1017 iuniores
719 949 787 1015 istis
802 951 1000 1041 temporibus
1016 964 1238 1042 proponantur

171 1062 295 1152 patricii
322 1085 429 1131 revere
450 1063 680 1144 aristocratici,
701 1063 792 1155 atqui
815 1064 965 1132 iuvenem
985 1064 1077 1132 illum
1097 1066 1237 1132 noluisse

172 1175 261 1266 sequi
291 1175 427 1267 gentiles
452 1196 524 1245 suos
549 1177 582 1243 iu
609 1177 744 1243 liberam
764 1177 990 1259 secemionem3
1014 1201 1119 1270 neque
1137 1180 1239 1270 patri·

172 1310 224 1353 am
242 1298 453 1378 potestatem,
477 1310 582 1379 neque
600 1288 663 1357 alie
684 1289 787 1357 multe
806 1288 860 1357 laic
880 1290 1057 1367 trahamus,
1075 1314 1150 1359 uam
1168 1314 1239 1357 om-

172 1400 248 1467 nino
275 1422 357 1491 opus
382 1422 447 1469 non
472 1412 540 1480 est,
569 1423 668 1491 quum
690 1401 820 1469 aliunde
842 1426 910 1471 rem
931 1404 1140 1495 explicuerim
1163 1404 1240 1471 sim·

171 1512 380 1602 plicissimuna
407 1513 440 1579 iu
474 1513 618 1580 modum.
667 1514 738 1583 lloc
767 1516 866 1606 magis
894 1528 942 1583 est
968 1540 1006 1584 er
1027 1540 1061 1582 re
1081 1516 1242 1594 Romana,

171 1647 265 1714 quam
301 1624 510 1693 Niebuhrii·²
541 1627 697 1718 suspicio,
731 1628 869 1695 Fabium
903 1651 1018 1720 nempe
1051 1641 1129 1695 tuuc
1158 1629 1241 1695 forte

172 1737 343 1809 ldalesenti
364 1738 501 1829 depime,
525 1761 623 1829 quam
645 1739 756 1806 urbem
778 1742 954 1831 petiverat,

351 1864 552 1943 »postquam
576 1854 688 1921 sumsit
711 1852 773 1921 sibi
797 1854 860 1921 tela
884 1852 1030 1945 Cupido''

172 1976 205 2033 nt
233 1976 281 2033 est
310 1965 396 2056 apud
425 1977 569 2056 poetam,
600 1989 672 2032 narn
696 1963 824 2033 Otacilii
844 1966 1075 2046 llalerentaui,
1106 1979 1142 2032 ut
1169 1979 1238 2032 tum

173 2077 337 2156 dicebaut,
360 2078 459 2147 liliam
484 2077 574 2145 duxit
598 2101 743 2163 uxorem,
767 2079 988 2170 magnitudine
1005 2081 1093 2147 illius
1113 2080 1240 2147 diuitia-

172 2212 240 2257 rum
258 2189 411 2259 inductus
433 2203 456 2259 ³.

216 2302 301 2371 lluic
328 2303 433 2369 famae
461 2326 576 2394 nempe
602 2304 688 2373 aliud
715 2304 793 2395 quid
817 2305 937 2384 obstat;
961 2326 1028 2394 quo
1050 2304 1136 2370 euim
1157 2316 1239 2371 tem·

173 2436 247 2503 pore
267 2415 394 2483 nullum
414 2427 481 2483 erat
502 2417 699 2485 connubium
717 2428 802 2483 extra
824 2429 950 2507 gentes,
976 2417 1143 2506 peregrina
1162 2439 1240 2483 utor

173 2526 267 2592 ducta
291 2550 360 2593 esse
385 2528 508 2618 nequit.
554 2527 596 2593 llt
619 2540 725 2593 tameo
751 2527 809 2592 riri
826 2526 914 2593 docti
933 2526 1013 2591 illud
1035 2548 1151 2616 negare
1174 2550 1239 2593 nou

171 2639 236 2705 ausi
262 2638 399 2705 credunt
419 2663 477 2731 per
502 2642 720 2731 exceptionem
740 2639 801 2705 lsoe
821 2639 948 2706 licuisse
968 2639 1095 2718 Ilabiis,
1118 2640 1237 2729 quibus

173 2752 259 2842 origo
277 2751 414 2831 Sabiua3
437 2774 520 2844 quae
539 2753 709 2843 explicatio
731 2752 862 2819 omnino
874 2774 940 2819 uon
951 2751 1074 2842 placet,
1088 2753 1138 2817 lac
1154 2754 1239 2820 euim

172 2862 253 2929 illud
272 2864 318 2930 ita
339 2887 421 2944 esse,
444 2864 556 2933 eadem
579 2864 713 2931 veluerit
732 2864 812 2931 ratio
831 2859 962 2930 necesse
982 2876 1030 2931 est
1050 2864 1085 2930 iu
1106 2865 1143 2930 iis
1162 2889 1241 2955 gen·

172 2976 271 3056 tibus,
294 3001 430 3068 quarum
450 2979 616 3071 peregriua
637 2979 740 3067 origo,
763 2977 854 3068 atqui
879 2975 1027 3053 Claudii,
1051 2976 1142 3057 lulii,
1166 2977 1241 3045 Ser·

173 3090 254 3168 rilii,
278 3089 438 3174 Quinctii,
463 3089 613 3180 Geganii,
637 3087 786 3167 Curiatii,
810 3087 943 3168 Cloelii,
964 3089 1077 3167 ceteri,
1097 3090 1240 3180 peregri·

171 3226 224 3268 nas
242 3226 352 3269 uxores
368 3202 485 3273 ducere
500 3202 696 3292 potuissent,
712 3202 739 3267 si
751 3200 869 3269 divitiis
883 3200 1132 3280 inducerentur,
1148 3202 1239 3291 atqui

171 3338 233 3381 nou
254 3314 468 3383 confarreatas
487 3314 632 3378 iniissent
652 3314 793 3403 nuptias,
814 3324 848 3378 et
865 3336 939 3378 mox
953 3312 1082 3403 patrimi
1099 3313 1239 3379 matrimi

169 3426 411 3519 sacerdotesque
431 3425 616 3493 defuissent.
669 3427 708 3490 dt
719 3474 728 3505 ,
751 3425 857 3515 iuquit
875 3424 1035 3493 llederich
1051 3433 1065 3473 ⁴
1085 3425 1237 3495 Romanis

171 3539 231 3604 luit
260 3538 460 3605 connubium
484 3560 561 3605 cum
587 3539 731 3605 finitimis
751 3550 783 3605 et
802 3539 940 3605 externis
960 3551 1040 3605 teste
1062 3532 1201 3629 Ulpiano
1224 3552 1237 3588 ⁵

171 3675 296 3719 necnon
315 3650 450 3721 Canulei
470 3652 613 3718 oratione
634 3651 719 3743 apud
741 3651 868 3719 Livium
891 3662 922 3732 ε;
945 3676 1009 3719 uon
1033 3651 1143 3731 eredo,
1163 3676 1238 3721 nam

171 3766 221 3833 hic
235 3765 374 3832 oratorie
390 3766 486 3833 nimis
502 3777 685 3857 exaggerata
703 3766 846 3833 oratioue
859 3765 937 3832 dicit
947 3764 1148 3833 connubium
1160 3766 1236 3833 fini-

171 3879 253 3947 timis
281 3891 315 3945 et
343 3879 479 3947 externis
509 3878 592 3957 dari,
616 3877 648 3943 id
672 3890 720 3944 est
745 3878 797 3957 iis,
823 3878 879 3969 qui
897 3878 981 3944 circs
1003 3879 1138 3945 Romani
1157 3878 1235 3945 facti

171 4005 273 4059 emant
289 4016 328 4058 er
347 3992 490 4077 Sabinis,
511 4005 547 4058 ut
566 3991 649 4083 App.
665 3990 819 4059 Claudius
835 3992 936 4061 fertur
951 3992 1062 4070 luisse;
1079 4015 1139 4059 nec
1158 4015 1232 4059 rero

170 4103 383 4175 llalereutani
403 4118 482 4173 tnnc
498 4118 588 4172 erant
606 4105 750 4185 finitimi,
775 4106 970 4196 quibuscum
990 4106 1036 4173 uil
1056 4106 1236 4175 intercede·
1270 4190 1274 4199 Ι

198 4384 217 4452 ¹)
234 4388 270 4437 11.
291 4392 315 4437 5.
397 4383 416 4452 ²)
434 4382 470 4435 R.
484 4383 515 4436 G.
532 4386 568 4435 11.
588 4393 647 4436 220.
726 4383 746 4450 ὅ)
764 4385 832 4435 Fest.
850 4401 875 4436 r.
894 4381 1023 4433 Numerios
1041 4400 1064 4450 p.
1086 4389 1147 4447 lto;
1166 4385 1241 4438 duct.

164 4468 451 4536 numerantis.
523 4468 669 4536 ⁴)P.153.
741 4466 855 4536 ⁵)v.4.
926 4467 1057 4535 ulma.
