<?xml version="1.0" encoding="UTF-8"?>
<!DOCTYPE html PUBLIC "-//W3C//DTD XHTML 1.0 Transitional//EN"
    "http://www.w3.org/TR/xhtml1/DTD/xhtml1-transitional.dtd">
<html xmlns="http://www.w3.org/1999/xhtml" xml:lang="en" lang="en">
 <head>
  <title>
</title>
<meta http-equiv="Content-Type" content="text/html;charset=utf-8" />
  <meta name='ocr-system' content='tesseract 3.04.00' />
  <meta name='ocr-capabilities' content='ocr_page ocr_carea ocr_par ocr_line ocrx_word'/>
</head>
<body>
  <div class='ocr_page' id='page_1' title='image "./disputatiodegen00servgoog_0452.png"; bbox 0 0 3190 5304; ppageno 0'>
   <div class='ocr_carea' id='block_1_1' title="bbox 427 466 1287 548">
    <p class='ocr_par' dir='ltr' id='par_1_1' title="bbox 427 466 1287 548">
     <span class='ocr_line' id='line_1_1' title="bbox 427 466 1287 548; baseline 0.002 -19"><span class='ocrx_word' id='word_1_1' title='bbox 427 524 430 529; x_wconf 80' lang='grc'><strong><em>,</em></strong></span> <span class='ocrx_word' id='word_1_2' title='bbox 504 466 526 548; x_wconf 75' lang='lat'>§</span> <span class='ocrx_word' id='word_1_3' title='bbox 548 468 577 528; x_wconf 86' lang='lat'><strong>3.</strong></span> <span class='ocrx_word' id='word_1_4' title='bbox 600 482 676 528; x_wconf 86' lang='lat' dir='ltr'><strong>uons</strong></span> <span class='ocrx_word' id='word_1_5' title='bbox 698 467 766 527; x_wconf 82' lang='lat'><strong>767.</strong></span> <span class='ocrx_word' id='word_1_6' title='bbox 786 466 808 548; x_wconf 50' lang='grc' dir='ltr'><em>ᾗ</em></span> <span class='ocrx_word' id='word_1_7' title='bbox 830 466 859 527; x_wconf 79' lang='lat' dir='ltr'><strong>t.</strong></span> <span class='ocrx_word' id='word_1_8' title='bbox 882 484 986 528; x_wconf 87' lang='lat' dir='ltr'><strong>nnunr.</strong></span> <span class='ocrx_word' id='word_1_9' title='bbox 1228 470 1287 532; x_wconf 76' lang='lat'><strong>435</strong></span> 
     </span>
    </p>
   </div>
   <div class='ocr_carea' id='block_1_2' title="bbox 198 661 1278 2554">
    <p class='ocr_par' dir='ltr' id='par_1_2' title="bbox 198 661 1278 2554">
     <span class='ocr_line' id='line_1_2' title="bbox 198 661 1276 755; baseline 0.003 -28"><span class='ocrx_word' id='word_1_10' title='bbox 198 662 385 750; x_wconf 78' lang='lat' dir='ltr'><strong>exstinctus</strong></span> <span class='ocrx_word' id='word_1_11' title='bbox 417 661 497 728; x_wconf 81' lang='lat' dir='ltr'><strong>atleo</strong></span> <span class='ocrx_word' id='word_1_12' title='bbox 525 674 667 752; x_wconf 87' lang='lat' dir='ltr'><strong>tempore</strong></span> <span class='ocrx_word' id='word_1_13' title='bbox 693 662 788 740; x_wconf 92' lang='lat' dir='ltr'><strong>obiit,</strong></span> <span class='ocrx_word' id='word_1_14' title='bbox 818 674 851 727; x_wconf 93' lang='lat' dir='ltr'><strong>ut</strong></span> <span class='ocrx_word' id='word_1_15' title='bbox 875 661 1090 743; x_wconf 75' lang='lat' dir='ltr'><strong>dubitaretur,</strong></span> <span class='ocrx_word' id='word_1_16' title='bbox 1114 684 1154 729; x_wconf 92' lang='lat' dir='ltr'><strong>an</strong></span> <span class='ocrx_word' id='word_1_17' title='bbox 1177 686 1276 755; x_wconf 89' lang='lat' dir='ltr'><strong>quae·</strong></span> 
     </span>
     <span class='ocr_line' id='line_1_3' title="bbox 212 775 1276 857; baseline 0.005 -17"><span class='ocrx_word' id='word_1_18' title='bbox 212 775 269 840; x_wconf 88' lang='lat' dir='ltr'><strong>site</strong></span> <span class='ocrx_word' id='word_1_19' title='bbox 290 798 372 841; x_wconf 89' lang='lat' dir='ltr'><strong>mors</strong></span> <span class='ocrx_word' id='word_1_20' title='bbox 392 776 503 853; x_wconf 87' lang='lat' dir='ltr'><strong>fuerit;</strong></span> <span class='ocrx_word' id='word_1_21' title='bbox 524 778 640 844; x_wconf 90' lang='lat' dir='ltr'><strong>Marcia</strong></span> <span class='ocrx_word' id='word_1_22' title='bbox 659 775 771 842; x_wconf 86' lang='lat' dir='ltr'><strong>saltem</strong></span> <span class='ocrx_word' id='word_1_23' title='bbox 791 776 824 841; x_wconf 92' lang='lat' dir='ltr'><strong>in</strong></span> <span class='ocrx_word' id='word_1_24' title='bbox 837 777 949 842; x_wconf 89' lang='lat' dir='ltr'><strong>funere</strong></span> <span class='ocrx_word' id='word_1_25' title='bbox 968 777 1075 842; x_wconf 88' lang='lat' dir='ltr'><strong>audita</strong></span> <span class='ocrx_word' id='word_1_26' title='bbox 1095 790 1158 857; x_wconf 86' lang='lat' dir='ltr'><strong>est,</strong></span> <span class='ocrx_word' id='word_1_27' title='bbox 1177 790 1276 845; x_wconf 84' lang='lat' dir='ltr'><strong>semet</strong></span> 
     </span>
     <span class='ocr_line' id='line_1_4' title="bbox 211 889 1273 982; baseline 0.003 -29"><span class='ocrx_word' id='word_1_28' title='bbox 211 889 376 968; x_wconf 80' lang='lat' dir='ltr'>incusans,</span> <span class='ocrx_word' id='word_1_29' title='bbox 405 890 491 982; x_wconf 92' lang='lat' dir='ltr'><strong>quod</strong></span> <span class='ocrx_word' id='word_1_30' title='bbox 516 889 583 980; x_wconf 88' lang='lat' dir='ltr'><strong>ipsa</strong></span> <span class='ocrx_word' id='word_1_31' title='bbox 604 890 692 954; x_wconf 80' lang='lat' dir='ltr'><strong>exitii</strong></span> <span class='ocrx_word' id='word_1_32' title='bbox 713 890 827 955; x_wconf 88' lang='lat' dir='ltr'><strong>marito</strong></span> <span class='ocrx_word' id='word_1_33' title='bbox 848 911 941 955; x_wconf 89' lang='lat' dir='ltr'><strong>causa</strong></span> <span class='ocrx_word' id='word_1_34' title='bbox 964 889 1092 970; x_wconf 81' lang='lat' dir='ltr'><strong>suisset3</strong></span> <span class='ocrx_word' id='word_1_35' title='bbox 1115 891 1237 956; x_wconf 86' lang='lat' dir='ltr'><strong>Plinius</strong></span> <span class='ocrx_word' id='word_1_36' title='bbox 1262 905 1273 944; x_wconf 84' lang='lat'><em>¹</em></span> 
     </span>
     <span class='ocr_line' id='line_1_5' title="bbox 210 1002 1277 1094; baseline 0.004 -28"><span class='ocrx_word' id='word_1_37' title='bbox 210 1002 295 1068; x_wconf 90' lang='lat' dir='ltr'><strong>idem</strong></span> <span class='ocrx_word' id='word_1_38' title='bbox 322 1002 403 1068; x_wconf 91' lang='lat' dir='ltr'><strong>illud</strong></span> <span class='ocrx_word' id='word_1_39' title='bbox 430 1003 552 1082; x_wconf 85' lang='lat' dir='ltr'><strong>innuit,</strong></span> <span class='ocrx_word' id='word_1_40' title='bbox 571 1003 632 1068; x_wconf 68' lang='lat' dir='ltr'><strong>‘ubi</strong></span> <span class='ocrx_word' id='word_1_41' title='bbox 656 1003 790 1094; x_wconf 78' lang='lat' dir='ltr'><strong>Augusti</strong></span> <span class='ocrx_word' id='word_1_42' title='bbox 810 1015 935 1068; x_wconf 82' lang='lat' dir='ltr'><strong>enarrat</strong></span> <span class='ocrx_word' id='word_1_43' title='bbox 961 1002 1108 1070; x_wconf 76' lang='lat' dir='ltr'><strong>adversae</strong></span> <span class='ocrx_word' id='word_1_44' title='bbox 1128 1005 1277 1070; x_wconf 87' lang='lat' dir='ltr'><strong>fortunae</strong></span> 
     </span>
     <span class='ocr_line' id='line_1_6' title="bbox 211 1113 1277 1196; baseline 0.002 -16"><span class='ocrx_word' id='word_1_45' title='bbox 211 1115 420 1196; x_wconf 80' lang='lat' dir='ltr'><strong>documenta3</strong></span> <span class='ocrx_word' id='word_1_46' title='bbox 456 1113 645 1182; x_wconf 78' lang='lat' dir='ltr'><strong>Plutarchus</strong></span> <span class='ocrx_word' id='word_1_47' title='bbox 677 1128 689 1166; x_wconf 71' lang='lat'><strong>2&#39;</strong></span> <span class='ocrx_word' id='word_1_48' title='bbox 725 1127 834 1182; x_wconf 86' lang='lat' dir='ltr'><strong>contra</strong></span> <span class='ocrx_word' id='word_1_49' title='bbox 867 1116 964 1182; x_wconf 87' lang='lat' dir='ltr'><strong>tradit</strong></span> <span class='ocrx_word' id='word_1_50' title='bbox 994 1140 1067 1182; x_wconf 88' lang='lat' dir='ltr'><strong>eum</strong></span> <span class='ocrx_word' id='word_1_51' title='bbox 1096 1117 1277 1183; x_wconf 78' lang='lat' dir='ltr'><strong>uoluntaria</strong></span> 
     </span>
     <span class='ocr_line' id='line_1_7' title="bbox 211 1230 1276 1321; baseline 0.003 -27"><span class='ocrx_word' id='word_1_52' title='bbox 211 1242 314 1296; x_wconf 86' lang='lat' dir='ltr'><strong>morte</strong></span> <span class='ocrx_word' id='word_1_53' title='bbox 341 1253 442 1321; x_wconf 88' lang='lat' dir='ltr'><strong>quum</strong></span> <span class='ocrx_word' id='word_1_54' title='bbox 470 1231 601 1296; x_wconf 89' lang='lat' dir='ltr'><strong>interire</strong></span> <span class='ocrx_word' id='word_1_55' title='bbox 624 1230 739 1309; x_wconf 82' lang='lat' dir='ltr'><strong>vellet,</strong></span> <span class='ocrx_word' id='word_1_56' title='bbox 766 1252 896 1295; x_wconf 78' lang='lat' dir='ltr'><strong>uxorem</strong></span> <span class='ocrx_word' id='word_1_57' title='bbox 933 1231 1099 1321; x_wconf 82' lang='lat' dir='ltr'><strong>arripuisse</strong></span> <span class='ocrx_word' id='word_1_58' title='bbox 1131 1231 1276 1320; x_wconf 84' lang='lat' dir='ltr'><strong>gladium</strong></span> 
     </span>
     <span class='ocr_line' id='line_1_8' title="bbox 210 1343 1277 1434; baseline 0 -26"><span class='ocrx_word' id='word_1_59' title='bbox 210 1355 242 1408; x_wconf 85' lang='lat' dir='ltr'><strong>et</strong></span> <span class='ocrx_word' id='word_1_60' title='bbox 262 1344 307 1408; x_wconf 88' lang='lat' dir='ltr'><strong>sic</strong></span> <span class='ocrx_word' id='word_1_61' title='bbox 327 1357 400 1410; x_wconf 93' lang='lat' dir='ltr'><strong>ante</strong></span> <span class='ocrx_word' id='word_1_62' title='bbox 420 1344 570 1409; x_wconf 88' lang='lat' dir='ltr'><strong>maritum</strong></span> <span class='ocrx_word' id='word_1_63' title='bbox 592 1344 796 1422; x_wconf 82' lang='lat' dir='ltr'><strong>occubuisse3</strong></span> <span class='ocrx_word' id='word_1_64' title='bbox 823 1343 973 1434; x_wconf 85' lang='lat' dir='ltr'><strong>equidem</strong></span> <span class='ocrx_word' id='word_1_65' title='bbox 995 1345 1104 1409; x_wconf 86' lang='lat' dir='ltr'><strong>Tacito</strong></span> <span class='ocrx_word' id='word_1_66' title='bbox 1124 1344 1198 1434; x_wconf 92' lang='lat' dir='ltr'><strong>plus</strong></span> <span class='ocrx_word' id='word_1_67' title='bbox 1217 1345 1277 1410; x_wconf 91' lang='lat' dir='ltr'><strong>tri·</strong></span> 
     </span>
     <span class='ocr_line' id='line_1_9' title="bbox 211 1455 1276 1549; baseline 0.003 -29"><span class='ocrx_word' id='word_1_68' title='bbox 211 1455 290 1534; x_wconf 90' lang='lat' dir='ltr'><strong>buo,</strong></span> <span class='ocrx_word' id='word_1_69' title='bbox 330 1481 395 1523; x_wconf 90' lang='lat' dir='ltr'><strong>non</strong></span> <span class='ocrx_word' id='word_1_70' title='bbox 432 1458 519 1548; x_wconf 93' lang='lat' dir='ltr'><strong>quod</strong></span> <span class='ocrx_word' id='word_1_71' title='bbox 554 1457 640 1549; x_wconf 92' lang='lat' dir='ltr'><strong>apud</strong></span> <span class='ocrx_word' id='word_1_72' title='bbox 675 1456 885 1523; x_wconf 82' lang='lat' dir='ltr'><strong>Plutarchum</strong></span> <span class='ocrx_word' id='word_1_73' title='bbox 915 1481 973 1549; x_wconf 93' lang='lat' dir='ltr'><strong>pro</strong></span> <span class='ocrx_word' id='word_1_74' title='bbox 1002 1458 1104 1523; x_wconf 83' lang='lat' dir='ltr'><strong>Fabio</strong></span> <span class='ocrx_word' id='word_1_75' title='bbox 1135 1458 1276 1548; x_wconf 88' lang='lat' dir='ltr'><strong>legamus</strong></span> 
     </span>
     <span class='ocr_line' id='line_1_10' title="bbox 210 1569 1277 1662; baseline 0.004 -29"><span class='ocrx_word' id='word_1_76' title='bbox 210 1570 380 1648; x_wconf 73' lang='grc' dir='ltr'><em>Φούλβιον,</em></span> <span class='ocrx_word' id='word_1_77' title='bbox 412 1594 484 1636; x_wconf 91' lang='lat' dir='ltr'><strong>nam</strong></span> <span class='ocrx_word' id='word_1_78' title='bbox 513 1569 574 1637; x_wconf 89' lang='lat' dir='ltr'><strong>hoc</strong></span> <span class='ocrx_word' id='word_1_79' title='bbox 597 1571 733 1636; x_wconf 86' lang='lat' dir='ltr'><strong>librariis</strong></span> <span class='ocrx_word' id='word_1_80' title='bbox 753 1570 926 1650; x_wconf 90' lang='lat' dir='ltr'><strong>debemus,</strong></span> <span class='ocrx_word' id='word_1_81' title='bbox 954 1595 1061 1637; x_wconf 88' lang='lat' dir='ltr'><strong>rerum</strong></span> <span class='ocrx_word' id='word_1_82' title='bbox 1084 1572 1171 1662; x_wconf 91' lang='lat' dir='ltr'><strong>quod</strong></span> <span class='ocrx_word' id='word_1_83' title='bbox 1191 1570 1277 1637; x_wconf 90' lang='lat' dir='ltr'><strong>Mar·</strong></span> 
     </span>
     <span class='ocr_line' id='line_1_11' title="bbox 209 1681 1122 1771; baseline 0.004 -25"><span class='ocrx_word' id='word_1_84' title='bbox 209 1681 276 1747; x_wconf 85' lang='lat' dir='ltr'><strong>ciac</strong></span> <span class='ocrx_word' id='word_1_85' title='bbox 300 1684 435 1771; x_wconf 80' lang='lat' dir='ltr'><strong>gemitus</strong></span> <span class='ocrx_word' id='word_1_86' title='bbox 458 1685 492 1749; x_wconf 94' lang='lat' dir='ltr'><strong>in</strong></span> <span class='ocrx_word' id='word_1_87' title='bbox 516 1685 622 1750; x_wconf 87' lang='lat' dir='ltr'><strong>mariti</strong></span> <span class='ocrx_word' id='word_1_88' title='bbox 645 1685 756 1750; x_wconf 88' lang='lat' dir='ltr'><strong>funere</strong></span> <span class='ocrx_word' id='word_1_89' title='bbox 780 1683 856 1749; x_wconf 91' lang='lat' dir='ltr'><strong>huic</strong></span> <span class='ocrx_word' id='word_1_90' title='bbox 881 1684 983 1750; x_wconf 87' lang='lat' dir='ltr'><strong>lemae</strong></span> <span class='ocrx_word' id='word_1_91' title='bbox 1008 1685 1122 1750; x_wconf 88' lang='lat' dir='ltr'><strong>obstet.</strong></span> 
     </span>
     <span class='ocr_line' id='line_1_12' title="bbox 229 1786 1278 1888; baseline 0 -27"><span class='ocrx_word' id='word_1_92' title='bbox 229 1786 419 1888; x_wconf 73' lang='lat' dir='ltr'><strong>&#39;Quidquid</strong></span> <span class='ocrx_word' id='word_1_93' title='bbox 454 1810 518 1876; x_wconf 86' lang='lat' dir='ltr'><strong>est,</strong></span> <span class='ocrx_word' id='word_1_94' title='bbox 552 1794 704 1876; x_wconf 79' lang='lat' dir='ltr'><strong>Ovidius,</strong></span> <span class='ocrx_word' id='word_1_95' title='bbox 737 1820 837 1888; x_wconf 90' lang='lat' dir='ltr'><strong>quum</strong></span> <span class='ocrx_word' id='word_1_96' title='bbox 869 1798 1084 1888; x_wconf 91' lang='lat' dir='ltr'><strong>quinquennis</strong></span> <span class='ocrx_word' id='word_1_97' title='bbox 1115 1794 1278 1887; x_wconf 72' lang='lat' dir='ltr'><strong>Olympias</strong></span> 
     </span>
     <span class='ocr_line' id='line_1_13' title="bbox 209 1908 1278 2002; baseline 0.004 -30"><span class='ocrx_word' id='word_1_98' title='bbox 209 1908 310 1973; x_wconf 82' lang='lat' dir='ltr'><strong>exsilii</strong></span> <span class='ocrx_word' id='word_1_99' title='bbox 342 1921 411 1974; x_wconf 88' lang='lat' dir='ltr'><strong>acte</strong></span> <span class='ocrx_word' id='word_1_100' title='bbox 444 1923 505 1989; x_wconf 91' lang='lat' dir='ltr'><strong>est,</strong></span> <span class='ocrx_word' id='word_1_101' title='bbox 540 1910 691 1975; x_wconf 87' lang='lat' dir='ltr'><strong>flebiliter</strong></span> <span class='ocrx_word' id='word_1_102' title='bbox 720 1909 760 1975; x_wconf 90' lang='lat' dir='ltr'><strong>de</strong></span> <span class='ocrx_word' id='word_1_103' title='bbox 792 1909 886 1976; x_wconf 89' lang='lat' dir='ltr'><strong>huius</strong></span> <span class='ocrx_word' id='word_1_104' title='bbox 916 1911 1050 1976; x_wconf 81' lang='lat' dir='ltr'><strong>fautoris</strong></span> <span class='ocrx_word' id='word_1_105' title='bbox 1080 1911 1278 2002; x_wconf 81' lang='lat' dir='ltr'><strong>Augustique</strong></span> 
     </span>
     <span class='ocr_line' id='line_1_14' title="bbox 208 2021 619 2088; baseline 0.007 -4"><span class='ocrx_word' id='word_1_106' title='bbox 208 2021 301 2086; x_wconf 90' lang='lat' dir='ltr'><strong>amici</strong></span> <span class='ocrx_word' id='word_1_107' title='bbox 325 2034 428 2088; x_wconf 90' lang='lat' dir='ltr'><strong>morte</strong></span> <span class='ocrx_word' id='word_1_108' title='bbox 451 2023 566 2088; x_wconf 84' lang='lat' dir='ltr'><strong>cecinit</strong></span> <span class='ocrx_word' id='word_1_109' title='bbox 592 2033 619 2087; x_wconf 82' lang='lat'><strong>³:</strong></span> 
     </span>
     <span class='ocr_line' id='line_1_15' title="bbox 231 2132 1188 2225; baseline 0.003 -27"><span class='ocrx_word' id='word_1_110' title='bbox 231 2132 373 2199; x_wconf 87' lang='lat' dir='ltr'><strong>»Certus</strong></span> <span class='ocrx_word' id='word_1_111' title='bbox 397 2158 464 2200; x_wconf 88' lang='lat' dir='ltr'><strong>eras</strong></span> <span class='ocrx_word' id='word_1_112' title='bbox 487 2159 546 2225; x_wconf 94' lang='lat' dir='ltr'><strong>pro</strong></span> <span class='ocrx_word' id='word_1_113' title='bbox 570 2158 636 2215; x_wconf 88' lang='lat' dir='ltr'><strong>me,</strong></span> <span class='ocrx_word' id='word_1_114' title='bbox 661 2135 777 2200; x_wconf 83' lang='lat' dir='ltr'><strong>Fabiae</strong></span> <span class='ocrx_word' id='word_1_115' title='bbox 801 2135 870 2212; x_wconf 79' lang='lat' dir='ltr'><strong>lux,</strong></span> <span class='ocrx_word' id='word_1_116' title='bbox 894 2134 1047 2215; x_wconf 81' lang='lat' dir='ltr'><strong>Maxime,</strong></span> <span class='ocrx_word' id='word_1_117' title='bbox 1071 2136 1188 2225; x_wconf 86' lang='lat' dir='ltr'><strong>gentis,</strong></span> 
     </span>
     <span class='ocr_line' id='line_1_16' title="bbox 277 2248 1098 2339; baseline 0.007 -29"><span class='ocrx_word' id='word_1_118' title='bbox 277 2249 434 2316; x_wconf 86' lang='lat' dir='ltr'><strong>»Numen</strong></span> <span class='ocrx_word' id='word_1_119' title='bbox 459 2249 497 2313; x_wconf 90' lang='lat' dir='ltr'><strong>ad</strong></span> <span class='ocrx_word' id='word_1_120' title='bbox 524 2250 703 2339; x_wconf 91' lang='lat' dir='ltr'><strong>Augustum</strong></span> <span class='ocrx_word' id='word_1_121' title='bbox 726 2248 872 2339; x_wconf 90' lang='lat' dir='ltr'><strong>supplice</strong></span> <span class='ocrx_word' id='word_1_122' title='bbox 896 2270 971 2313; x_wconf 78' lang='lat' dir='ltr'><strong>voce</strong></span> <span class='ocrx_word' id='word_1_123' title='bbox 995 2248 1098 2338; x_wconf 90' lang='lat' dir='ltr'><strong>loqui.</strong></span> 
     </span>
     <span class='ocr_line' id='line_1_17' title="bbox 233 2358 1257 2453; baseline 0.004 -29"><span class='ocrx_word' id='word_1_124' title='bbox 233 2358 390 2426; x_wconf 79' lang='lat' dir='ltr'><strong>»Occidis</strong></span> <span class='ocrx_word' id='word_1_125' title='bbox 409 2372 483 2427; x_wconf 83' lang='lat' dir='ltr'><strong>ante</strong></span> <span class='ocrx_word' id='word_1_126' title='bbox 501 2383 626 2453; x_wconf 88' lang='lat' dir='ltr'><strong>preces,</strong></span> <span class='ocrx_word' id='word_1_127' title='bbox 652 2382 843 2450; x_wconf 87' lang='lat' dir='ltr'><strong>causamque</strong></span> <span class='ocrx_word' id='word_1_128' title='bbox 862 2382 936 2449; x_wconf 91' lang='lat' dir='ltr'><strong>ego,</strong></span> <span class='ocrx_word' id='word_1_129' title='bbox 959 2358 1111 2440; x_wconf 78' lang='lat' dir='ltr'><strong>Maxime,</strong></span> <span class='ocrx_word' id='word_1_130' title='bbox 1131 2362 1257 2445; x_wconf 86' lang='lat' dir='ltr'><strong>mortis,</strong></span> 
     </span>
     <span class='ocr_line' id='line_1_18' title="bbox 277 2471 1031 2554; baseline -0.003 -15"><span class='ocrx_word' id='word_1_131' title='bbox 277 2471 376 2541; x_wconf 80' lang='lat' dir='ltr'><strong>»Nec</strong></span> <span class='ocrx_word' id='word_1_132' title='bbox 399 2473 521 2539; x_wconf 86' lang='lat' dir='ltr'><strong>sueram</strong></span> <span class='ocrx_word' id='word_1_133' title='bbox 546 2475 641 2554; x_wconf 86' lang='lat' dir='ltr'><strong>tanti,</strong></span> <span class='ocrx_word' id='word_1_134' title='bbox 666 2494 718 2539; x_wconf 89' lang='lat' dir='ltr'><strong>me</strong></span> <span class='ocrx_word' id='word_1_135' title='bbox 742 2495 813 2538; x_wconf 89' lang='lat' dir='ltr'><strong>reor</strong></span> <span class='ocrx_word' id='word_1_136' title='bbox 836 2495 903 2538; x_wconf 89' lang='lat' dir='ltr'><strong>esse</strong></span> <span class='ocrx_word' id='word_1_137' title='bbox 928 2475 1031 2538; x_wconf 87' lang='lat' dir='ltr'><strong>tuae.’&#39;</strong></span> 
     </span>
    </p>
   </div>
   <div class='ocr_carea' id='block_1_3' title="bbox 612 2653 879 2740">
    <p class='ocr_par' dir='ltr' id='par_1_3' title="bbox 612 2653 879 2740">
     <span class='ocr_line' id='line_1_19' title="bbox 612 2653 879 2740; baseline -0.015 -18"><span class='ocrx_word' id='word_1_138' title='bbox 612 2658 629 2740; x_wconf 86' lang='lat'>§</span> <span class='ocrx_word' id='word_1_139' title='bbox 655 2660 686 2722; x_wconf 88' lang='grc'><strong>4.</strong></span> <span class='ocrx_word' id='word_1_140' title='bbox 731 2653 879 2722; x_wconf 81' lang='lat' dir='ltr'><strong>Nummi.</strong></span> 
     </span>
    </p>
   </div>
   <div class='ocr_carea' id='block_1_4' title="bbox 203 2809 1361 3811">
    <p class='ocr_par' dir='ltr' id='par_1_4' title="bbox 206 2809 1361 2994">
     <span class='ocr_line' id='line_1_20' title="bbox 252 2809 1361 2903; baseline 0.001 -24"><span class='ocrx_word' id='word_1_141' title='bbox 252 2813 312 2882; x_wconf 67' lang='lat' dir='ltr'><strong>lt.</strong></span> <span class='ocrx_word' id='word_1_142' title='bbox 355 2812 472 2880; x_wconf 82' lang='lat' dir='ltr'><strong>Vultus</strong></span> <span class='ocrx_word' id='word_1_143' title='bbox 511 2812 659 2879; x_wconf 81' lang='lat' dir='ltr'><strong>iuvenilis</strong></span> <span class='ocrx_word' id='word_1_144' title='bbox 696 2813 831 2903; x_wconf 82' lang='lat' dir='ltr'><strong>Augusti</strong></span> <span class='ocrx_word' id='word_1_145' title='bbox 863 2809 1019 2892; x_wconf 59' lang='lat' dir='ltr'><strong>(laeserim</strong></span> <span class='ocrx_word' id='word_1_146' title='bbox 1053 2823 1210 2880; x_wconf 85' lang='grc' dir='ltr'><strong>ΦΑΒΙΟΣ</strong></span> <span class='ocrx_word' id='word_1_147' title='bbox 1250 2827 1284 2881; x_wconf 89' lang='grc' dir='ltr'><strong>Ο·</strong></span> <span class='ocrx_word' id='word_1_148' title='bbox 1358 2861 1361 2865; x_wconf 81' lang='lat'><strong>.</strong></span> 
     </span>
     <span class='ocr_line' id='line_1_21' title="bbox 206 2935 424 2994; baseline -0.009 -2"><span class='ocrx_word' id='word_1_149' title='bbox 206 2935 424 2994; x_wconf 88' lang='grc' dir='ltr'><strong>ΜΑΞΙΜΟΣ.</strong></span> 
     </span>
    </p>

    <p class='ocr_par' dir='ltr' id='par_1_5' title="bbox 251 3036 996 3127">
     <span class='ocr_line' id='line_1_22' title="bbox 251 3036 996 3127; baseline -0.003 -24"><span class='ocrx_word' id='word_1_150' title='bbox 251 3047 562 3104; x_wconf 80' lang='grc' dir='ltr'><strong>ΙΕΡΑΠΟΛΙΤΩΝ</strong></span> <span class='ocrx_word' id='word_1_151' title='bbox 592 3046 793 3112; x_wconf 85' lang='grc' dir='ltr'>ΤΡΤΦΩΝ,</span> <span class='ocrx_word' id='word_1_152' title='bbox 819 3036 886 3102; x_wconf 80' lang='lat' dir='ltr'><strong>stne</strong></span> <span class='ocrx_word' id='word_1_153' title='bbox 910 3048 996 3127; x_wconf 71' lang='lat' dir='ltr'><strong>typo.</strong></span> 
     </span>
    </p>

    <p class='ocr_par' dir='ltr' id='par_1_6' title="bbox 203 3149 1280 3811">
     <span class='ocr_line' id='line_1_23' title="bbox 252 3149 1279 3218; baseline -0.001 -2"><span class='ocrx_word' id='word_1_154' title='bbox 252 3151 395 3218; x_wconf 91' lang='lat' dir='ltr'><strong>Aureum</strong></span> <span class='ocrx_word' id='word_1_155' title='bbox 426 3151 552 3216; x_wconf 89' lang='lat' dir='ltr'><strong>huncce</strong></span> <span class='ocrx_word' id='word_1_156' title='bbox 570 3150 763 3216; x_wconf 81' lang='lat' dir='ltr'><strong>Vaillantius</strong></span> <span class='ocrx_word' id='word_1_157' title='bbox 791 3150 899 3216; x_wconf 91' lang='lat' dir='ltr'><strong>retulit</strong></span> <span class='ocrx_word' id='word_1_158' title='bbox 929 3149 968 3213; x_wconf 88' lang='lat' dir='ltr'><strong>ad</strong></span> <span class='ocrx_word' id='word_1_159' title='bbox 997 3162 1139 3214; x_wconf 87' lang='lat' dir='ltr'><strong>nostrum</strong></span> <span class='ocrx_word' id='word_1_160' title='bbox 1162 3162 1217 3214; x_wconf 87' lang='lat' dir='ltr'><strong>aut</strong></span> <span class='ocrx_word' id='word_1_161' title='bbox 1238 3150 1279 3215; x_wconf 86' lang='lat' dir='ltr'><strong>ad</strong></span> 
     </span>
     <span class='ocr_line' id='line_1_24' title="bbox 207 3261 1278 3355; baseline -0.002 -25"><span class='ocrx_word' id='word_1_162' title='bbox 207 3265 363 3350; x_wconf 76' lang='lat' dir='ltr'><strong>Quintum</strong></span> <span class='ocrx_word' id='word_1_163' title='bbox 380 3265 510 3331; x_wconf 82' lang='lat' dir='ltr'><strong>fratrem</strong></span> <span class='ocrx_word' id='word_1_164' title='bbox 524 3266 603 3355; x_wconf 86' lang='lat'><strong>(57),</strong></span> <span class='ocrx_word' id='word_1_165' title='bbox 621 3265 710 3355; x_wconf 85' lang='lat' dir='ltr'><strong>atqui</strong></span> <span class='ocrx_word' id='word_1_166' title='bbox 723 3264 813 3329; x_wconf 87' lang='lat' dir='ltr'><strong>Asiae</strong></span> <span class='ocrx_word' id='word_1_167' title='bbox 824 3275 879 3330; x_wconf 85' lang='lat' dir='ltr'><strong>aut</strong></span> <span class='ocrx_word' id='word_1_168' title='bbox 896 3261 1005 3350; x_wconf 71' lang='lat' dir='ltr'><strong>Syriae</strong></span> <span class='ocrx_word' id='word_1_169' title='bbox 1015 3263 1187 3352; x_wconf 88' lang='lat' dir='ltr'><strong>proconsul</strong></span> <span class='ocrx_word' id='word_1_170' title='bbox 1200 3263 1278 3343; x_wconf 88' lang='lat' dir='ltr'><strong>tuit,</strong></span> 
     </span>
     <span class='ocr_line' id='line_1_25' title="bbox 205 3375 1280 3470; baseline -0.003 -26"><span class='ocrx_word' id='word_1_171' title='bbox 205 3402 280 3444; x_wconf 92' lang='lat' dir='ltr'><strong>nam</strong></span> <span class='ocrx_word' id='word_1_172' title='bbox 309 3378 489 3469; x_wconf 85' lang='lat' dir='ltr'><strong>Hierapolis</strong></span> <span class='ocrx_word' id='word_1_173' title='bbox 512 3377 669 3467; x_wconf 91' lang='lat' dir='ltr'><strong>reperitur</strong></span> <span class='ocrx_word' id='word_1_174' title='bbox 686 3378 719 3442; x_wconf 91' lang='lat' dir='ltr'><strong>in</strong></span> <span class='ocrx_word' id='word_1_175' title='bbox 741 3376 913 3442; x_wconf 89' lang='lat' dir='ltr'><strong>Phoenicia</strong></span> <span class='ocrx_word' id='word_1_176' title='bbox 934 3388 965 3440; x_wconf 90' lang='lat' dir='ltr'><strong>et</strong></span> <span class='ocrx_word' id='word_1_177' title='bbox 985 3375 1020 3470; x_wconf 90' lang='lat' dir='ltr'><strong>in</strong></span> <span class='ocrx_word' id='word_1_178' title='bbox 1039 3375 1187 3466; x_wconf 80' lang='lat' dir='ltr'><strong>Phrygia.</strong></span> <span class='ocrx_word' id='word_1_179' title='bbox 1236 3376 1280 3441; x_wconf 89' lang='lat' dir='ltr'><strong>At</strong></span> 
     </span>
     <span class='ocr_line' id='line_1_26' title="bbox 205 3487 1279 3581; baseline -0.002 -25"><span class='ocrx_word' id='word_1_180' title='bbox 205 3490 330 3557; x_wconf 84' lang='lat' dir='ltr'><strong>Eclrhel</strong></span> <span class='ocrx_word' id='word_1_181' title='bbox 355 3507 367 3542; x_wconf 82' lang='lat'>⁵</span> <span class='ocrx_word' id='word_1_182' title='bbox 395 3492 484 3557; x_wconf 88' lang='lat' dir='ltr'><strong>hunc</strong></span> <span class='ocrx_word' id='word_1_183' title='bbox 509 3491 661 3558; x_wconf 85' lang='lat' dir='ltr'><strong>iudicarit</strong></span> <span class='ocrx_word' id='word_1_184' title='bbox 682 3503 881 3581; x_wconf 86' lang='lat' dir='ltr'><strong>suspectum,</strong></span> <span class='ocrx_word' id='word_1_185' title='bbox 905 3487 1057 3578; x_wconf 90' lang='lat' dir='ltr'><strong>quoniam</strong></span> <span class='ocrx_word' id='word_1_186' title='bbox 1079 3489 1208 3553; x_wconf 89' lang='lat' dir='ltr'><strong>unicum</strong></span> <span class='ocrx_word' id='word_1_187' title='bbox 1231 3502 1279 3556; x_wconf 87' lang='lat' dir='ltr'><strong>est</strong></span> 
     </span>
     <span class='ocr_line' id='line_1_27' title="bbox 203 3598 1277 3696; baseline -0.004 -25"><span class='ocrx_word' id='word_1_188' title='bbox 203 3605 387 3696; x_wconf 81' lang='lat' dir='ltr'><strong>exemplum</strong></span> <span class='ocrx_word' id='word_1_189' title='bbox 414 3606 615 3696; x_wconf 88' lang='lat' dir='ltr'><strong>magistratus</strong></span> <span class='ocrx_word' id='word_1_190' title='bbox 645 3617 769 3670; x_wconf 91' lang='lat' dir='ltr'><strong>tantum</strong></span> <span class='ocrx_word' id='word_1_191' title='bbox 797 3604 829 3668; x_wconf 91' lang='lat' dir='ltr'><strong>in</strong></span> <span class='ocrx_word' id='word_1_192' title='bbox 861 3598 995 3692; x_wconf 81' lang='lat' dir='ltr'><strong>utraque</strong></span> <span class='ocrx_word' id='word_1_193' title='bbox 1034 3601 1203 3692; x_wconf 89' lang='lat' dir='ltr'><strong>superficie</strong></span> <span class='ocrx_word' id='word_1_194' title='bbox 1225 3602 1277 3667; x_wconf 90' lang='lat' dir='ltr'><strong>iu·</strong></span> 
     </span>
     <span class='ocr_line' id='line_1_28' title="bbox 203 3714 1278 3811; baseline -0.005 -27"><span class='ocrx_word' id='word_1_195' title='bbox 203 3720 330 3811; x_wconf 88' lang='lat' dir='ltr'><strong>scripti,</strong></span> <span class='ocrx_word' id='word_1_196' title='bbox 353 3741 449 3810; x_wconf 85' lang='lat' dir='ltr'><strong>quarn</strong></span> <span class='ocrx_word' id='word_1_197' title='bbox 470 3720 512 3785; x_wconf 90' lang='lat' dir='ltr'><strong>ob</strong></span> <span class='ocrx_word' id='word_1_198' title='bbox 532 3741 659 3785; x_wconf 86' lang='lat' dir='ltr'><strong>causam</strong></span> <span class='ocrx_word' id='word_1_199' title='bbox 676 3718 716 3783; x_wconf 90' lang='lat' dir='ltr'><strong>de</strong></span> <span class='ocrx_word' id='word_1_200' title='bbox 732 3715 961 3807; x_wconf 86' lang='lat' dir='ltr'><strong>proconsulatu</strong></span> <span class='ocrx_word' id='word_1_201' title='bbox 984 3716 1052 3780; x_wconf 89' lang='lat' dir='ltr'><strong>eius</strong></span> <span class='ocrx_word' id='word_1_202' title='bbox 1069 3714 1278 3806; x_wconf 89' lang='lat' dir='ltr'><strong>supersedere</strong></span> 
     </span>
    </p>
   </div>
   <div class='ocr_carea' id='block_1_5' title="bbox 202 3833 1280 4145">
    <p class='ocr_par' dir='ltr' id='par_1_7' title="bbox 202 3833 1280 4145">
     <span class='ocr_line' id='line_1_29' title="bbox 202 3833 335 3923; baseline 0 -26"><span class='ocrx_word' id='word_1_203' title='bbox 202 3833 335 3923; x_wconf 88' lang='lat' dir='ltr'><strong>placuit.</strong></span> 
     </span>
     <span class='ocr_line' id='line_1_30' title="bbox 248 3940 836 4033; baseline -0.003 -23"><span class='ocrx_word' id='word_1_204' title='bbox 248 3944 281 4010; x_wconf 89' lang='lat' dir='ltr'><strong>ll</strong></span> <span class='ocrx_word' id='word_1_205' title='bbox 303 3954 326 4009; x_wconf 64' lang='lat' dir='ltr'><strong>l.</strong></span> <span class='ocrx_word' id='word_1_206' title='bbox 360 3946 460 4033; x_wconf 85' lang='lat' dir='ltr'><strong>Caput</strong></span> <span class='ocrx_word' id='word_1_207' title='bbox 486 3941 643 4033; x_wconf 91' lang='lat' dir='ltr'><strong>Apollinis</strong></span> <span class='ocrx_word' id='word_1_208' title='bbox 667 3940 836 4008; x_wconf 86' lang='lat' dir='ltr'><strong>radiatum.</strong></span> 
     </span>
     <span class='ocr_line' id='line_1_31' title="bbox 249 4052 1280 4145; baseline -0.003 -23"><span class='ocrx_word' id='word_1_209' title='bbox 249 4056 342 4122; x_wconf 88' lang='lat' dir='ltr'><strong>Luna</strong></span> <span class='ocrx_word' id='word_1_210' title='bbox 377 4056 516 4120; x_wconf 92' lang='lat' dir='ltr'><strong>bicornis</strong></span> <span class='ocrx_word' id='word_1_211' title='bbox 540 4056 623 4121; x_wconf 88' lang='lat' dir='ltr'><strong>inter</strong></span> <span class='ocrx_word' id='word_1_212' title='bbox 653 4056 798 4145; x_wconf 88' lang='lat' dir='ltr'><strong>quinque</strong></span> <span class='ocrx_word' id='word_1_213' title='bbox 832 4053 967 4131; x_wconf 87' lang='lat' dir='ltr'><strong>triones,</strong></span> <span class='ocrx_word' id='word_1_214' title='bbox 999 4053 1033 4117; x_wconf 93' lang='lat' dir='ltr'><strong>in</strong></span> <span class='ocrx_word' id='word_1_215' title='bbox 1069 4053 1172 4118; x_wconf 89' lang='lat' dir='ltr'><strong>media</strong></span> <span class='ocrx_word' id='word_1_216' title='bbox 1201 4052 1280 4119; x_wconf 82' lang='lat' dir='ltr'><strong>EX</strong></span> 
     </span>
    </p>
   </div>
   <div class='ocr_carea' id='block_1_6' title="bbox 203 4166 1182 4248">
    <p class='ocr_par' dir='ltr' id='par_1_8' title="bbox 203 4166 1182 4248">
     <span class='ocr_line' id='line_1_32' title="bbox 203 4166 1182 4248; baseline -0.004 -11"><span class='ocrx_word' id='word_1_217' title='bbox 203 4170 342 4237; x_wconf 87' lang='lat' dir='ltr'><strong>Senatus</strong></span> <span class='ocrx_word' id='word_1_218' title='bbox 364 4167 534 4248; x_wconf 84' lang='lat' dir='ltr'><strong>Consult03</strong></span> <span class='ocrx_word' id='word_1_219' title='bbox 558 4168 760 4236; x_wconf 77' lang='lat' dir='ltr'><strong>PAULUS</strong></span> <span class='ocrx_word' id='word_1_220' title='bbox 773 4166 932 4235; x_wconf 67' lang='lat' dir='ltr'><strong>Mutus</strong></span> <span class='ocrx_word' id='word_1_221' title='bbox 954 4166 1182 4235; x_wconf 83' lang='lat' dir='ltr'><strong>MAXIMus.</strong></span> 
     </span>
    </p>
   </div>
   <div class='ocr_carea' id='block_1_7' title="bbox 192 4436 1278 4599">
    <p class='ocr_par' dir='ltr' id='par_1_9' title="bbox 192 4436 1278 4599">
     <span class='ocr_line' id='line_1_33' title="bbox 231 4436 1278 4508; baseline 0 -16"><span class='ocrx_word' id='word_1_222' title='bbox 231 4442 252 4507; x_wconf 73' lang='lat'><strong>¹)</strong></span> <span class='ocrx_word' id='word_1_223' title='bbox 270 4436 306 4494; x_wconf 75' lang='grc' dir='ltr'><strong>Η.</strong></span> <span class='ocrx_word' id='word_1_224' title='bbox 325 4441 362 4493; x_wconf 90' lang='grc' dir='ltr'><strong>Ν.</strong></span> <span class='ocrx_word' id='word_1_225' title='bbox 381 4443 444 4494; x_wconf 85' lang='lat' dir='ltr'><strong>VII.</strong></span> <span class='ocrx_word' id='word_1_226' title='bbox 470 4446 511 4493; x_wconf 75' lang='lat'><strong>45.</strong></span> <span class='ocrx_word' id='word_1_227' title='bbox 599 4438 620 4501; x_wconf 75' lang='lat'><strong>²)</strong></span> <span class='ocrx_word' id='word_1_228' title='bbox 638 4439 679 4491; x_wconf 82' lang='lat' dir='ltr'><strong>De</strong></span> <span class='ocrx_word' id='word_1_229' title='bbox 701 4441 796 4508; x_wconf 77' lang='lat' dir='ltr'><strong>porrul.</strong></span> <span class='ocrx_word' id='word_1_230' title='bbox 817 4447 858 4491; x_wconf 91' lang='grc'><strong>11.</strong></span> <span class='ocrx_word' id='word_1_231' title='bbox 944 4436 965 4506; x_wconf 72' lang='lat'><strong>⁵)</strong></span> <span class='ocrx_word' id='word_1_232' title='bbox 984 4437 1027 4490; x_wconf 79' lang='lat' dir='ltr'><strong>Ec</strong></span> <span class='ocrx_word' id='word_1_233' title='bbox 1044 4439 1125 4491; x_wconf 83' lang='lat' dir='ltr'><strong>Ponto</strong></span> <span class='ocrx_word' id='word_1_234' title='bbox 1142 4443 1191 4494; x_wconf 91' lang='lat' dir='ltr'><strong>IV.</strong></span> <span class='ocrx_word' id='word_1_235' title='bbox 1210 4447 1234 4494; x_wconf 88' lang='grc'><strong>6.</strong></span> <span class='ocrx_word' id='word_1_236' title='bbox 1253 4447 1278 4493; x_wconf 87' lang='grc'><strong>9.</strong></span> 
     </span>
     <span class='ocr_line' id='line_1_34' title="bbox 192 4519 1246 4599; baseline -0.004 -17"><span class='ocrx_word' id='word_1_237' title='bbox 192 4530 217 4599; x_wconf 76' lang='lat'><strong>⁴)</strong></span> <span class='ocrx_word' id='word_1_238' title='bbox 234 4531 300 4581; x_wconf 75' lang='lat' dir='ltr'><strong>Mor.</strong></span> <span class='ocrx_word' id='word_1_239' title='bbox 317 4530 368 4581; x_wconf 72' lang='lat' dir='ltr'><strong>lab.</strong></span> <span class='ocrx_word' id='word_1_240' title='bbox 386 4529 436 4578; x_wconf 85' lang='lat' dir='ltr'><strong>HI.</strong></span> <span class='ocrx_word' id='word_1_241' title='bbox 458 4533 480 4580; x_wconf 88' lang='lat' dir='ltr'><strong>l.</strong></span> <span class='ocrx_word' id='word_1_242' title='bbox 534 4519 555 4599; x_wconf 63' lang='lat' dir='ltr'><strong>ll</strong></span> <span class='ocrx_word' id='word_1_243' title='bbox 571 4526 623 4578; x_wconf 87' lang='lat' dir='ltr'><strong>III.</strong></span> <span class='ocrx_word' id='word_1_244' title='bbox 645 4531 702 4579; x_wconf 79' lang='lat'><strong>156.</strong></span> <span class='ocrx_word' id='word_1_245' title='bbox 754 4525 774 4594; x_wconf 75' lang='lat'><strong>⁶)</strong></span> <span class='ocrx_word' id='word_1_246' title='bbox 793 4528 873 4580; x_wconf 78' lang='lat' dir='ltr'><strong>Valll.</strong></span> <span class='ocrx_word' id='word_1_247' title='bbox 888 4527 937 4580; x_wconf 77' lang='lat' dir='ltr'><strong>N⁰.</strong></span> <span class='ocrx_word' id='word_1_248' title='bbox 958 4533 1004 4588; x_wconf 79' lang='lat'><strong>203</strong></span> <span class='ocrx_word' id='word_1_249' title='bbox 1024 4526 1089 4577; x_wconf 85' lang='lat' dir='ltr'><strong>Mor.</strong></span> <span class='ocrx_word' id='word_1_250' title='bbox 1109 4528 1186 4578; x_wconf 88' lang='lat' dir='ltr'><strong>XVI.</strong></span> <span class='ocrx_word' id='word_1_251' title='bbox 1208 4532 1246 4579; x_wconf 88' lang='lat'><strong>17.</strong></span> 
     </span>
    </p>
   </div>
   <div class='ocr_carea' id='block_1_8' title="bbox 1107 4613 1179 4678">
    <p class='ocr_par' dir='ltr' id='par_1_10' title="bbox 1107 4613 1179 4678">
     <span class='ocr_line' id='line_1_35' title="bbox 1107 4613 1179 4678; baseline 0.028 -2"><span class='ocrx_word' id='word_1_252' title='bbox 1107 4613 1179 4678; x_wconf 71' lang='lat'><strong>28*</strong></span> 
     </span>
    </p>
   </div>
   <div class='ocr_carea' id='block_1_9' title="bbox 0 0 1600 5304">
    <p class='ocr_par' dir='ltr' id='par_1_11' title="bbox 0 0 1600 5304">
     <span class='ocr_line' id='line_1_36' title="bbox 0 0 1600 5304; baseline 0 1"><span class='ocrx_word' id='word_1_253' title='bbox 0 0 1600 5304; x_wconf 95' lang='lat' dir='ltr'><strong> </strong></span> 
     </span>
    </p>
   </div>
  </div>
 </body>
</html>
