3190 5304
317 437 377 500 416
479 454 507 504 Q·
528 450 630 494 rarius
652 451 680 500 o.
702 450 730 492 r.
752 450 779 499 o.
800 449 828 492 rs.
851 448 980 492 ursinus
1001 448 1132 494 ansanus
1153 434 1228 516 (5l):

318 656 336 697 a
365 630 516 696 Romanis
546 627 664 693 donata
692 638 790 706 esset3
822 649 900 717 quas
925 626 966 692 ob
986 648 1094 725 causas
1115 631 1286 720 proconsul
1307 653 1385 723 pron

217 783 224 799 ι
316 742 475 810 nuntiarit
500 739 615 807 Susum
642 739 758 805 docem
776 741 925 821 istorum,
950 740 1007 830 qui
1026 764 1121 807 noros
1140 742 1226 832 leges
1247 743 1380 833 scripse-

315 868 379 935 rat,
409 867 510 922 morte
538 854 669 944 dignum
697 852 905 944 relegandum
930 876 995 919 esse
1014 876 1140 920 necnon
1161 854 1380 921 Phormiscum

317 969 515 1037 Ecbesdenei
536 968 713 1034 adiutorem
732 967 798 1032 eius
816 966 849 1031 in
865 965 1047 1057 diripiendo
1064 967 1222 1033 tabulario
1241 979 1275 1033 et
1292 991 1381 1033 aera-

317 1084 380 1162 rio,
414 1081 618 1148 Timotheum
649 1103 723 1147 rere
744 1078 876 1159 Niceae,
904 1081 959 1170 qui
986 1080 1110 1171 legibus
1129 1080 1234 1146 fuerat
1253 1093 1383 1158 auctor,

316 1197 421 1262 minus
449 1195 621 1286 deliquisse
650 1194 740 1284 atqui
760 1193 897 1259 Romam
917 1192 1007 1258 iussit
1028 1194 1173 1260 submitti
1193 1194 1232 1260 ad
1253 1205 1383 1284 praeto·

316 1333 384 1377 rem
403 1309 622 1399 peregrinum,
644 1308 676 1372 in
697 1306 799 1372 libera
818 1306 961 1373 custodia
980 1318 1014 1372 ut
1031 1307 1234 1385 retineretur,
1257 1306 1382 1397 opinor.

360 1421 514 1489 Dicebam
531 1421 665 1486 Fabium
683 1419 890 1486 Macedoniae
905 1418 1128 1509 proconsulem
1147 1419 1260 1498 fuisse3
1275 1419 1384 1509 sequi-

316 1549 368 1601 tur
394 1534 457 1600 hoc
477 1556 516 1600 er
540 1556 578 1600 eo
602 1533 691 1624 quod
710 1533 913 1599 Hermaunus
935 1531 1090 1611 confecit,
1115 1554 1188 1598 nam
1209 1531 1384 1597 Mummius

215 1717 217 1723 ,
318 1645 453 1714 Achaeis
480 1645 619 1712 reddidit
648 1646 848 1724 libertatem,
882 1644 1082 1735 quaeregio
1104 1644 1206 1711 libera
1231 1646 1384 1710 mansisse

319 1760 446 1826 ridetur
476 1781 576 1849 usque
603 1757 643 1823 ad
672 1757 755 1823 illud
786 1768 930 1847 tempus,
960 1780 1024 1848 quo
1049 1759 1267 1825 Romanorum
1291 1757 1386 1824 bellis
1418 1748 1422 1754 ¹

319 1872 467 1940 uirilibus
491 1870 608 1963 praeda
635 1871 762 1938 rictoris
788 1871 924 1951 exstitit3
947 1872 1067 1937 interea
1089 1871 1155 1961 agri
1175 1893 1300 1939 eversae
1320 1870 1385 1938 (lo-

317 1984 432 2066 rinthi,
456 1983 638 2050 Thebarum
656 1996 687 2049 et
705 1981 866 2049 Chalcidis
892 1985 1059 2073 vectigales
1079 1984 1385 2051 administrabantur

318 2125 335 2166 a
368 2097 604 2191 quaestoribus,
639 2096 716 2162 dum
745 2094 921 2164 iurisdictio
953 2098 985 2162 iu
1017 2099 1199 2176 Graeciam,
1227 2099 1319 2164 cuius
1337 2100 1386 2163 rei

320 2215 381 2281 hoc
396 2213 464 2278 fere
475 2213 606 2277 unicum
622 2222 721 2276 exstat
738 2211 935 2302 exemplum,
949 2223 1034 2277 extra
1046 2210 1190 2278 ordinem
1201 2213 1387 2302 proconsuli

318 2324 524 2393 Macedoniae
559 2309 797 2391 concedebatur
831 2324 900 2414 lege
934 2322 1047 2390 clodia
1076 2325 1161 2391 salsa
1190 2326 1387 2417 populorum

320 2438 467 2504 libertate
489 2440 529 2502 de
549 2436 693 2527 pecuniis
715 2436 862 2516 creditis3
885 2437 1066 2526 provinciae
1084 2461 1189 2529 neque
1211 2439 1386 2529 appellatio

321 2573 381 2618 nec
400 2565 504 2618 rector
524 2548 684 2639 legitimus
701 2548 764 2614 luit
780 2561 853 2615 ante
870 2550 1005 2639 Augusti
1023 2561 1175 2631 aetatem,
1198 2574 1273 2617 narn
1290 2553 1387 2642 legati

319 2664 512 2755 praelectire
532 2662 697 2753 vectigalia
717 2663 951 2730 administrasse
973 2661 1131 2731 ridentur.

365 2775 512 2866 Denique
529 2775 592 2840 hoe
609 2776 741 2841 unicum
757 2775 825 2841 fere
842 2776 1000 2842 libertatis
1016 2777 1251 2867 recuperandae
1263 2778 1386 2844 etiamsi

320 2911 435 2956 ranam
462 2910 618 2954 conamen
643 2887 739 2953 fuisse
763 2888 907 2969 ridetur,
930 2912 1004 2955 uam
1025 2889 1179 2980 quamdiu
1198 2890 1349 2978 Polybius
1372 2905 1382 2941 ¹

319 3001 433 3066 saltem
452 3000 579 3077 vixerit,
598 2998 630 3065 id
654 3011 699 3066 est
718 3000 871 3092 usquead
894 3005 976 3081 632,
1001 3002 1113 3069 Graeci
1133 3004 1224 3070 fracti
1244 3015 1276 3068 et
1292 3015 1385 3069 ener-

320 3114 384 3180 rati
403 3114 448 3181 nil
473 3112 579 3178 conati
604 3125 685 3181 suut.

658 3274 675 3354 ᾗ
701 3274 730 3336 6.
781 3269 905 3338 Censor
929 3277 994 3340 646
1016 3287 1038 3339 ².

522 3457 547 3518 o.
565 3453 663 3502 sauros
682 3453 708 3517 Q.
727 3453 751 3502 r.
770 3451 817 3518 (Q.)
837 3455 865 3502 a.
884 3455 1013 3503 uramus
1033 3456 1171 3505 munaus.

522 3541 544 3587 c.
562 3538 686 3586 marmus
706 3537 729 3584 r.
749 3538 772 3587 r.
790 3539 872 3589 curs.
1090 3542 1116 3589 a.
1135 3542 1164 3590 r.
1183 3542 1279 3590 arm.

368 3676 493 3743 Licinio
514 3676 663 3766 equidem
684 3676 770 3742 malo
791 3677 947 3766 collegam
965 3677 1108 3743 tribuere
1127 3678 1292 3744 liburnum
1312 3701 1387 3744 nos-

324 3807 406 3861 trum
429 3814 525 3882 quam
547 3790 785 3880 Allobrogicum
809 3790 897 3879 (50),
921 3815 984 3856 non
1002 3802 1126 3856 tautum
1145 3806 1275 3882 propter
1291 3791 1388 3857 Vale-

323 3907 407 3973 rium
430 3916 459 3982 3,
484 3902 540 3994 qui
558 3926 737 3970 »censurae
757 3905 823 3970 eius
843 3905 1046 3994 gravitatem''
1061 3906 1202 3996 attingit,
1225 3907 1282 3997 qui
1297 3906 1388 3971 locus

322 4030 416 4085 caute
446 4015 663 4107 accipiendus,
697 4040 770 4082 nam
797 4017 899 4083 roluit
930 4019 989 4084 sibi
1020 4019 1149 4085 tortasse
1177 4032 1299 4110 patrem
1330 4020 1388 4108 qui

322 4132 385 4198 acsi
404 4151 517 4196 censor
537 4141 632 4208 esset,
653 4129 755 4195 filium
775 4131 952 4220 castigavit,
971 4155 1077 4197 verum
1098 4132 1209 4198 Cicero
1226 4131 1388 4197 Licinium

324 4243 450 4334 scripsit
469 4265 632 4309 censorem
653 4243 763 4331 luisse,
787 4243 874 4333 quod
895 4266 1010 4309 munus
1029 4244 1062 4309 in
1082 4242 1168 4310 hunc
1190 4267 1309 4310 annum
1332 4267 1388 4309 ca-

354 4493 374 4563 l)
392 4493 449 4545 XL.
470 4500 508 4544 tu.
561 4491 582 4561 ²)
599 4492 651 4545 cte.
666 4509 715 4560 pro
738 4490 825 4545 Cluent.
844 4499 876 4545 42
894 4494 908 4560 d
928 4499 984 4544 119.
1037 4491 1057 4562 ³)
1076 4496 1124 4548 VI.
1145 4500 1166 4546 1.
1186 4500 1210 4569 5τ
