3212 5294
331 397 391 458 250
474 416 501 466 o.
524 411 627 456 riorus
647 411 679 454 u.
701 410 728 454 r.
750 410 778 453 rr.
801 410 829 454 u.
850 409 982 453 uxxruns
1004 409 1167 454 annuimus
1187 391 1264 474 (17),

330 613 401 656 core
431 590 529 683 paulo
557 601 631 655 ante
660 611 725 653 non
755 587 895 679 potuisse
928 587 1087 654 Romanos
1109 576 1305 681 ‘sibisocins
1329 588 1403 656 illos

330 704 512 783 adscivisse,
536 702 624 795 quod
641 702 681 768 de
702 701 861 767 Perusinis
880 700 992 766 saltem
1013 702 1126 790 procul
1146 701 1245 767 dubio
1265 713 1405 782 constat,

328 838 390 883 neo
411 819 527 884 mirum
549 814 710 883 ridebitur
725 826 856 905 propter
874 836 927 893 ea,
947 836 1030 904 qnae
1050 813 1135 879 cladi
1158 796 1294 880 Alliensi
1313 827 1404 882 ante·

328 943 500 1010 cesserant,
524 928 645 1019 aliquid
667 929 827 993 societatis
850 927 946 992 fuisse
968 941 1041 994 cum
1062 927 1215 994 Romanis
1243 940 1275 994 et
1295 926 1402 995 Clusi-

328 1043 397 1122 nis3
429 1055 498 1109 tum
525 1063 590 1107 non
618 1041 712 1109 rideo
742 1064 799 1106 our
829 1041 991 1131 antiquius
1023 1064 1138 1108 nornen
1168 1064 1232 1107 non
1261 1041 1405 1132 potuerit

329 1155 458 1222 haerere
479 1158 512 1221 in
532 1155 626 1221 huius
646 1152 857 1246 expeditionis
877 1154 977 1233 lama,
1005 1154 1144 1245 deniqne
1164 1156 1224 1220 iter
1242 1155 1403 1221 faciebant

330 1290 437 1335 versus
457 1267 550 1333 illum
561 1268 687 1346 locum,
706 1288 766 1331 neo
782 1276 847 1332 tam
864 1264 960 1356 longe
976 1265 1107 1331 alloma
1125 1265 1219 1331 distat
1243 1264 1405 1345 Clusium,

314 1394 365 1470 'ut
392 1381 523 1446 historia
543 1380 710 1470 legationis
737 1378 886 1445 Clusinae
906 1380 1012 1445 docet.
1058 1378 1190 1470 Lepsius
1215 1401 1289 1445 vero
1311 1379 1404 1444 aliter

329 1495 495 1587 opinatur,
525 1505 557 1559 et
584 1493 643 1558 sibi
671 1492 767 1558 sumit
792 1492 946 1558 ruricolas
969 1490 1124 1581 quosdam
1147 1493 1296 1581 antiquos
1320 1491 1402 1558 Um*

327 1608 400 1673 bros
418 1605 457 1672 ad
479 1605 623 1673 Clusium
642 1606 803 1672 mansisse.
851 1605 938 1670 Haeo
955 1605 1125 1695 explicatio
1145 1627 1209 1671 non
1227 1604 1401 1671 admodum

325 1721 450 1811 placet,
474 1719 550 1784 binc
569 1718 733 1784 Haakbins
753 1741 820 1783 rem
842 1718 935 1784 aliter
954 1716 1101 1808 expedire
1122 1730 1254 1784 conatus
1275 1730 1338 1797 est,
1367 1730 1400 1784 et

327 1832 429 1899 credit
447 1826 594 1899 Clusinos
617 1856 715 1897 novos
736 1830 962 1920 intelligendos
982 1854 1066 1911 esse,
1096 1855 1176 1923 qnos
1198 1833 1319 1898 Plinius
1342 1843 1351 1880 ¹
1384 1856 1402 1896 a

329 1945 467 2014 Clusinis
496 1944 655 2011 veteribus
684 1943 869 2033 distinguit3
892 1942 950 2008 hos
978 1943 1053 2009 olim
1082 1943 1233 2011 defecisse
1255 1946 1403 2036 opinatur

327 2071 359 2125 et
385 2059 520 2125 liberam
538 2057 715 2136 coloniam,
738 2057 791 2121 cui
811 2057 979 2147 antiquum
1000 2080 1119 2123 nomen
1140 2056 1269 2124 Camers
1284 2056 1402 2123 adbae-

327 2170 421 2250 serit,
445 2169 625 2236 condidisse
641 2169 724 2235 inter
736 2168 880 2235 Clusium
891 2181 923 2235 et
935 2169 1097 2236 Perusiam
1113 2171 1168 2236 sed
1181 2194 1286 2237 sersus
1305 2170 1402 2236 meri-

327 2282 432 2362 diem,
467 2282 525 2347 hos
553 2279 716 2377 Camertes
745 2282 884 2348 Umbros
913 2281 993 2346 dixit
1025 2283 1133 2350 Livius
1166 2297 1198 2349 et
1227 2284 1403 2359 Diodorus,

328 2421 402 2463 nam
422 2396 539 2463 Umbri
559 2396 655 2461 etiam
677 2395 722 2460 cis
745 2394 888 2461 Tiberim
909 2395 1067 2462 habitasse
1089 2398 1245 2464 ridentur.

375 2511 464 2575 Haec
486 2510 592 2574 omnia
613 2521 645 2574 et
666 2509 728 2574 alia
747 2507 903 2599 quaedam
923 2509 964 2575 de
979 2510 1089 2600 lingua
1105 2510 1300 2590 Camertina,
1319 2534 1402 2601 quae

328 2622 477 2713 equidem
510 2644 622 2711 urgere
653 2622 729 2686 nolo
759 2634 948 2711 propterea,
991 2623 1078 2713 quod
1123 2623 1203 2690 haec
1243 2625 1402 2690 historicis

328 2734 494 2800 tribuerim
523 2728 587 2798 non
618 2754 693 2798 reru
714 2732 880 2810 historiae,
905 2732 984 2798 haec
1008 2735 1132 2816 omnia,
1153 2736 1284 2829 inquam
1306 2736 1400 2802 docte

329 2860 361 2914 et
387 2845 551 2934 ingeniose
580 2845 755 2935 composita
775 2868 814 2909 an
836 2869 908 2911 vera
932 2846 1012 2926 sint,
1045 2871 1109 2912 non
1140 2872 1249 2915 meum
1275 2863 1322 2915 est
1350 2849 1401 2915 di-

327 2957 489 3036 iudiaare3
513 2980 623 3023 verum
642 2957 729 3022 aliud
748 2969 809 3031 est,
833 2957 920 3048 qnod
943 2960 1074 3029 omnino
1093 2984 1259 3052 perperam
1281 2961 1320 3027 ad
1341 2961 1399 3029 hos

329 3070 490 3139 Camertes
511 3071 570 3136 riri
590 3070 677 3136 docti
697 3070 776 3136 mihi
796 3071 945 3136 ridentur
965 3076 1108 3153 traxisse,
1133 3075 1241 3140 locum
1265 3076 1336 3142 solo
1359 3076 1399 3142 de

325 3182 474 3262 foedere,
508 3182 596 3273 quod
624 3184 762 3249 Romani
785 3206 859 3249 aum
889 3182 1089 3252 Camertibus
1118 3187 1275 3254 fecerunt.
1321 3189 1399 3255 Nie-

327 3294 413 3362 buhr
442 3308 455 3344 ²
487 3317 602 3386 nempe
631 3297 741 3361 scribit
763 3297 977 3388 speculatores
997 3323 1014 3363 a
1034 3299 1135 3366 Fabio
1156 3305 1264 3367 missos
1284 3302 1395 3368 loedns

326 3412 432 3476 iniisse
458 3431 530 3475 cum
558 3408 768 3489 Camertinis,
793 3410 880 3500 quod
904 3410 968 3476 illis
989 3412 1117 3478 maioris
1136 3415 1297 3480 commodi
1319 3416 1398 3495 luit,

329 3534 361 3588 et
393 3522 576 3612 perdurarit
607 3522 711 3590 donec
747 3547 856 3589 omnes
892 3524 996 3589 Italici
1035 3526 1119 3591 circs
1156 3527 1294 3593 Romani
1323 3528 1398 3593 lacti

329 3647 411 3702 sunt.
444 3636 484 3700 At
498 3634 606 3702 Livius
623 3636 670 3701 nil
687 3636 773 3701 aliud
789 3636 901 3716 tradit,
919 3659 1014 3729 quam
1031 3639 1247 3729 speculatores
1262 3642 1397 3733 benigne

326 3760 491 3839 acceptos,
515 3771 568 3813 eos
587 3749 686 3838 egisse
711 3748 751 3813 de
772 3748 922 3814 societate
944 3760 976 3814 et
994 3749 1122 3816 rediisse
1141 3751 1293 3819 Romanis
1314 3776 1397 3820 nuu-

328 3861 442 3928 tiantes
466 3874 679 3927 commeatum
700 3873 826 3953 praesto
849 3861 936 3942 lore,
965 3863 991 3927 si
1013 3863 1122 3930 locum
1143 3864 1287 3933 intrasset
1307 3891 1396 3934 exer·

327 3975 424 4055 oitus;
459 3974 499 4039 de
529 3974 658 4040 foedere
689 3974 735 4039 nil
756 3973 853 4039 habet
871 3975 985 4064 igitur,
1009 3998 1114 4067 neque
1135 3989 1261 4068 poterat
1280 3980 1341 4061 ici,
1359 3983 1392 4045 ni

326 4090 432 4165 fallor,
451 4111 468 4152 a
489 4087 759 4177 speculatoribus,
777 4088 826 4152 vel
848 4087 988 4154 consulis
1008 4089 1174 4170 iratribus3
1195 4091 1219 4156 si
1236 4093 1300 4159 iam
1317 4107 1395 4159 tuuc

327 4202 449 4293 aliquid
478 4201 698 4268 huiuscemodi
722 4202 929 4281 factumest,
952 4203 1050 4293 paulo
1072 4218 1145 4295 post
1165 4205 1316 4274 acciderit
1339 4232 1395 4274 ne-

240 4528 242 4531 ,
358 4450 379 4520 1,
397 4450 433 4503 Η,
449 4449 486 4503 Ν.
504 4452 556 4504 111.
575 4457 599 4503 s.
669 4449 690 4520 π)
708 4450 742 4503 n.
761 4448 792 4508 c.
810 4454 862 4505 111.
880 4438 939 4506 aaa
