3190 5304
425 456 446 535 1
468 456 515 519 10.
536 472 610 517 mus
629 471 816 517 narrentani.
838 455 859 538 1
881 458 928 519 11.
948 475 1054 520 ruunt.
1213 458 1271 519 375

195 648 392 740 pecuniam,
417 671 512 739 quam
539 646 716 714 sacerdotes
741 646 1058 730 relrcredebebant,
1082 650 1266 742 quodcum

204 763 281 827 iuris
304 760 409 826 studio
430 761 476 826 nil
492 760 668 851 quidquam
685 760 782 827 habet
797 783 979 830 commune.
1024 763 1138 854 Neque
1155 763 1268 830 soller-

203 874 281 940 tiam
305 873 371 940 eius
390 874 424 939 in
446 874 546 940 classe
568 872 718 939 Antiochi
743 873 928 940 dissecanda
956 874 1094 955 scilicet,
1125 875 1266 966 accipio,

203 1009 310 1078 neque
329 986 537 1054 calliditatem
561 988 594 1053 10
618 987 735 1054 finilrus
759 986 967 1055 Nolanorum.

248 1099 368 1168 Contra
385 1102 500 1168 melius
516 1101 556 1166 ad
574 1101 755 1167 Labeonem
776 1113 920 1168 nostrum
938 1100 1130 1169 referendus>
1141 1101 1267 1169 ridetur

204 1213 295 1279 locus
309 1228 319 1266 ¹
334 1237 371 1281 er
383 1214 608 1294 vitaTerentii3
624 1215 690 1304 agit
711 1226 836 1294 auctor,
853 1237 949 1305 quem
960 1237 1065 1305 neque
1079 1226 1165 1280 recte
1181 1212 1269 1281 dicas

202 1324 364 1394 Donatum
381 1351 485 1418 neque
501 1325 706 1405 Suetonium,
730 1327 771 1393 de
792 1327 931 1394 Terentii
949 1327 1075 1406 amicis,
1092 1350 1172 1417 quos
1189 1328 1219 1394 61
1234 1328 1269 1393 10

201 1432 372 1504 scribendo
388 1439 547 1504 adiutores
559 1437 655 1503 fuisse
670 1437 754 1503 fama
771 1438 928 1504 tradebat:
950 1436 1091 1506 »Santra
1113 1438 1270 1506 existimat

202 1549 387 1615 Terentium
405 1547 543 1613 simodo
560 1548 593 1612 in
611 1547 778 1614 scribendo
790 1549 990 1616 adiutoribus
1000 1550 1187 1641 indiguerit,
1201 1574 1268 1618 non

200 1672 326 1728 tanturn
354 1659 506 1751 Scipione
535 1672 567 1726 et
589 1661 699 1727 Laelio
721 1662 767 1726 uti
786 1664 944 1752 potuisse,
968 1663 1025 1754 qui
1045 1675 1122 1731 tunc
1142 1664 1269 1732 adoles·

198 1774 323 1840 centuli
351 1773 455 1851 luere,
488 1796 584 1863 quam
613 1773 649 1840 G.
669 1773 815 1865 Sulpicio
835 1776 941 1856 Gallo,
966 1777 1097 1844 homine
1120 1776 1216 1844 docto
1235 1791 1269 1845 et

198 1889 257 1978 qui
274 1887 493 1953 consularibus
513 1885 596 1952 ludis
611 1886 738 1953 initium
759 1888 870 1953 lecerit
890 1888 1071 1956 fabularum
1091 1890 1270 1956 dandarum

201 2001 252 2065 rel
276 1999 312 2084 Q.
333 2000 433 2066 Fabio
453 2000 604 2065 Labeone
622 2012 654 2066 et
673 2000 715 2066 Μ.
738 2001 876 2091 Popillio
892 2003 1054 2069 consulari
1076 2017 1209 2095 utroque
1229 2026 1268 2069 ac

199 2120 312 2204 poeta3
330 2112 403 2178 ideo
422 2113 525 2204 ipsum
545 2112 755 2178 0001016060
774 2112 966 2203 designasse,
987 2116 1042 2205 qui
1062 2139 1094 2180 se
1114 2117 1270 2182 adiuvisse

201 2227 401 2304 dicerentur,
435 2225 487 2291 sed
519 2227 602 2291 11101
631 2248 768 2316 quorum
798 2250 924 2317 operam
956 2239 989 2292 et
1018 2228 1051 2292 in
1077 2228 1164 2294 bello
1184 2240 1216 2295 et
1236 2230 1269 2295 in

200 2339 267 2405 otio
288 2351 320 2404 et
341 2339 374 2402 in
395 2338 524 2427 negotio
543 2338 681 2429 populus
703 2340 742 2404 sit
763 2343 940 2430 expertus.'’

248 2450 400 2516 Perhibet
427 2452 651 2539 grammaticus
669 2451 725 2517 1116
746 2450 859 2518 Santra
881 2453 1044 2533 Terentio,
1063 2454 1152 2519 cuius
1174 2453 1268 2519 labu-

199 2565 250 2629 lae
279 2577 368 2628 actae
400 2575 474 2628 sunt
501 2564 583 2629 iuter
614 2587 712 2629 annos
746 2571 811 2633 588
841 2576 873 2630 61
904 2570 985 2645 595,
1018 2589 1136 2632 anuum
1168 2590 1269 2658 quum

198 2678 313 2766 agebat
340 2681 383 2744 30
403 2676 442 2741 ad
463 2681 521 2755 36,
546 2698 610 2741 non
631 2675 790 2742 adiutores
812 2676 909 2743 fuisse
930 2656 1090 2758 10611001,
1112 2681 1168 2769 qui
1189 2692 1267 2746 tunc

202 2793 244 2856 18
271 2790 310 2855 ad
333 2793 375 2856 25
398 2789 527 2879 agebat,
551 2813 656 2880 neque
675 2787 857 2879 Scipionem
882 2796 922 2857 15
943 2791 983 2856 ad
1003 2795 1062 2870 22,
1086 2815 1197 2860 verum
1216 2816 1269 2860 cos

201 2904 302 2983 viros,
326 2926 462 2993 quorum
488 2926 615 2994 operam
636 2903 721 2968 etin
743 2902 831 2969 bello
851 2915 883 2969 ct
904 2904 937 2968 10
959 2904 1024 2969 0110
1044 2904 1183 2995 0000101
1202 2921 1269 2973 6101

199 3028 363 3106 expertus,
388 3014 423 3082 (l.
445 3014 625 3104 Sulpicium
646 3039 730 3081 anno
750 3016 860 3084 aetatis
882 3022 924 3084 t3
942 3017 981 3082 ad
1004 3023 1056 3096 50,
1077 3018 1114 3102 Q.
1132 3020 1269 3087 Fabium

200 3134 245 3197 60
263 3129 302 3194 ad
324 3135 366 3197 67
388 3141 420 3194 61
440 3129 482 3194 Μ.
502 3129 677 3219 Popillium
700 3133 743 3196 50
763 3131 802 3195 ad
825 3134 879 3197 57.

246 3242 346 3307 Miror
365 3242 602 3330 sexagenarium
621 3254 764 3308 nostrum
779 3243 928 3310 Terentio
944 3242 1080 3311 adfuisse
1096 3246 1129 3309 10
1142 3245 1268 3312 fabulas

199 3353 333 3419 barbare
360 3353 528 3434 vertendo,
561 3377 620 3420 nec
650 3367 755 3422 tamen
775 3355 878 3422 audeo
908 3379 1055 3447 spernere
1073 3358 1154 3423 illud
1176 3359 1267 3424 testi-

196 3468 358 3548 mouium,
379 3469 564 3558 praesertim
580 3480 710 3559 propter
732 3469 915 3537 Tullianum
932 3469 1054 3551 locum,
1078 3471 1134 3561 qui
1151 3472 1266 3538 anuuit

197 3579 328 3647 laudem
347 3580 534 3647 litterariam
555 3583 665 3649 nostri.

591 3751 610 3834 §
638 3751 688 3813 11.
733 3748 879 3815 Nummi.

244 3901 306 3969 11.
340 3900 444 3993 Caput
473 3903 592 3970 Romae
621 3903 781 3993 galeatum
809 3925 883 3970 curn
914 3916 990 3971 0010
1020 3904 1155 3986 denarii,
1190 3922 1264 3974 ante

195 4014 379 4093 LABEO,
401 4038 485 4104 poue
508 4016 663 4084 ROMA.

243 4129 363 4217 lupitor
374 4128 406 4192 in
419 4128 592 4218 quadrigis,
608 4130 716 4196 dextra
727 4129 851 4196 fulmen
862 4142 987 4212 tenens,
1004 4133 1089 4200 10610
1105 4148 1264 4225 sceptrum

191 4245 229 4301 61
249 4233 402 4312 habenas,
426 4234 485 4298 sub
505 4236 595 4325 cquis
615 4259 708 4327 prora
729 4237 832 4315 naris,
855 4237 921 4302 imo
940 4239 1079 4326 Quintus
1095 4241 1263 4310 FABIus.

226 4421 246 4484 ¹)
264 4425 361 4475 Auctor
381 4420 453 4473 Vitae
473 4421 591 4484 Terentii,
612 4427 678 4476 med.
748 4424 769 4494 ²)
787 4426 865 4480 Vaill.
882 4427 931 4481 ΝΟ.
950 4432 979 4487 53
998 4428 1063 4480 Mor.
1082 4432 1130 4483 ΝΟ.
1147 4434 1174 4495 I,
1201 4433 1268 4485 Ricc

183 4509 242 4561 tab.
261 4507 337 4558 XIX.
359 4513 381 4558 1.
