3190 5304
343 462 408 526 406·
446 482 474 532 o.
495 480 598 523 rarius
619 481 646 530 o.
668 478 738 524 ran.
760 481 787 523 r.
810 482 837 531 o.
859 479 888 525 a.
910 476 1041 523 narratus
1062 478 1279 526 annoonocrcos
1298 465 1376 549 (50).

354 657 601 749 elephantorum
619 657 861 749 operallomani
877 656 1000 723 bostem
1020 657 1163 724 uicerunt
1183 669 1280 748 atque
1300 660 1334 725 in
1353 661 1419 724 ilu-

355 794 429 837 men
446 784 624 850 verterunt,
648 792 713 862 quo
731 790 845 860 magna
856 790 928 861 pars
945 792 1047 836 mersa
1065 783 1113 836 est
1130 770 1283 861 pontibus
1299 772 1426 854 irretio3

357 885 454 950 multi
479 885 561 950 caesi
589 895 683 962 sunt,
714 886 856 962 tecnon
879 883 907 948 si
931 881 1062 963 Oresio,
1089 887 1233 962 iunceo
1254 885 1280 949 si
1302 884 1426 966 Plinio,

360 1001 503 1076 120‚000
522 998 547 1062 si
559 997 650 1064 Livio
671 1010 704 1063 et
726 997 887 1088 Appiano,
912 1001 1054 1076 200‚000
1078 998 1106 1063 si
1125 996 1277 1064 Straboni
1295 997 1426 1078 eredas;

357 1132 395 1178 er
415 1112 567 1177 Romanis
586 1123 712 1177 tanturn
736 1114 856 1188 15‚000
873 1111 1049 1200 perierunt.

403 1223 523 1315 Insigni
535 1224 652 1314 gaudio
667 1224 748 1289 haec
761 1224 890 1288 rictoria
901 1223 1052 1289 Romanis
1069 1224 1146 1303 fuit,
1160 1224 1194 1289 in
1204 1223 1294 1290 cuins
1305 1224 1424 1313 sempi-

357 1349 478 1402 ternam
500 1337 705 1416 memoriam,
730 1360 797 1427 quo
816 1337 888 1401 loco
906 1348 971 1401 erat
991 1336 1193 1416 dimicatum,
1210 1336 1299 1402 albas
1317 1358 1427 1402 sareas

358 1463 525 1516 erexerunt
547 1463 663 1528 turres,
681 1450 797 1540 quibus
812 1449 845 1514 in
859 1446 981 1539 tropaei
1000 1449 1132 1514 modum
1153 1450 1250 1538 spolia
1272 1450 1427 1529 fixerunt,

359 1563 415 1653 qui
434 1587 503 1629 mos
522 1563 626 1628 adhuc
643 1563 813 1629 inusitatus
830 1562 1108 1641 fueratRomanis3
1129 1563 1245 1628 Fabius
1263 1575 1427 1654 praeterea

357 1677 514 1766 templum
534 1676 644 1742 lilartis
664 1687 696 1741 et
716 1672 863 1741 Herculis
883 1675 942 1741 illo
965 1676 1037 1740 loco
1056 1675 1208 1740 exstruxit
1231 1684 1254 1741 ¹.

402 1788 453 1854 ln
483 1787 558 1853 huic
586 1811 714 1878 pugnae
744 1787 901 1853 Domitius
930 1808 1005 1853 cum
1027 1787 1089 1852 suis
1109 1787 1208 1878 copiis
1229 1786 1427 1866 interfuerit,

357 1902 555 1992 ignoramus,
571 1923 645 1965 nam
661 1900 708 1965 nil
724 1911 830 1991 potest
845 1901 961 1967 confici
976 1923 1014 1966 er
1031 1922 1181 1978 numero,
1197 1923 1293 1991 quem
1309 1898 1427 1966 Strabo

359 2014 492 2079 tradidit
512 2015 562 2080 rix
581 2017 702 2092 30,000
726 2013 946 2079 Romanorum
967 2013 1079 2093 fuisse3
1104 2012 1238 2101 Thierry
1265 2012 1341 2078 inde
1361 2014 1429 2079 col·

357 2127 469 2217 legisse
490 2126 615 2193 ridetur
633 2125 784 2205 Fabium,
808 2149 903 2216 quem
928 2148 1001 2192 cunr
1021 2126 1146 2192 duabus
1162 2126 1343 2215 legionibus
1365 2126 1430 2193 sire

358 2243 481 2320 20,000
503 2238 665 2304 advenisse
686 2239 869 2319 contendit,
893 2262 925 2305 se
945 2240 1085 2305 iunxisse
1107 2240 1207 2331 copiis
1224 2239 1428 2319 llornitianis;

359 2354 413 2420 sed
444 2353 492 2418 nil
521 2353 599 2419 certi
628 2365 754 2418 constat
783 2375 888 2443 neque
916 2352 956 2417 de
976 2354 1138 2442 legionum
1163 2352 1251 2417 illins
1278 2352 1432 2443 temporis

359 2465 596 2557 magnitudine,
620 2489 727 2556 neque
746 2464 785 2530 de
806 2464 941 2544 Aeduis,
966 2488 1045 2556 qnos
1066 2465 1152 2530 idem
1173 2465 1229 2530 ille
1246 2466 1347 2530 socios
1362 2465 1431 2530 Ro·

357 2581 459 2647 manis
480 2579 620 2645 adfuisse
641 2578 789 2658 coniicit3
811 2590 950 2669 praestat
972 2579 1069 2667 igitar
1088 2579 1128 2644 ab
1150 2579 1217 2644 istis
1238 2578 1432 2643 coniecturis

359 2692 527 2759 abstinere.

405 2804 527 2870 Eadem
543 2805 623 2869 ratio
649 2805 734 2870 valet
752 2803 793 2871 de
812 2827 907 2895 pace,
928 2828 1023 2896 qnam
1036 2804 1192 2870 Bituitum
1213 2828 1231 2869 a
1251 2802 1352 2868 Fabio
1373 2827 1434 2895 pe-

358 2916 443 2982 tiisse
469 2918 560 3006 ponit
586 2916 671 2982 idem
691 2918 760 2998 ille3
787 2918 945 3008 quidquid
966 2930 1033 2998 est,
1057 2929 1181 2983 constat
1212 2940 1250 2983 er
1284 2939 1432 2983 successu

359 3027 451 3095 Fabii
469 3028 623 3097 invidiam
642 3055 708 3097 esse
728 3047 864 3111 motam,
890 3032 1074 3100 Domitius²
1092 3054 1208 3122 nempe
1229 3031 1433 3121 proconsule

361 3140 468 3207 adhuc
496 3143 527 3208 in
556 3145 719 3233 provincia
745 3145 877 3235 degens,
909 3168 1000 3235 aegre
1027 3145 1150 3210 ferebat
1179 3145 1338 3210 Bituitum
1366 3156 1433 3210 tam

359 3257 455 3322 facile
475 3280 491 3321 a
514 3258 646 3323 consule
666 3281 735 3324 esse
754 3259 891 3337 rictum,
915 3259 947 3322 in
969 3259 1060 3323 cuius
1076 3269 1268 3349 potestatem
1285 3281 1327 3324 ne
1342 3257 1435 3324 reni-

360 3382 427 3449 ret,
457 3393 515 3460 per
542 3370 694 3461 colloquii
720 3370 956 3437 simulationem
982 3394 1056 3437 enm
1085 3372 1264 3451 arcessirit,
1285 3370 1339 3438 sed
1357 3394 1433 3437 mox

359 3506 425 3549 non
444 3484 512 3549 sine
528 3483 643 3574 insigni
657 3485 767 3550 fraude
776 3508 836 3576 pro
847 3483 973 3575 hospite
984 3486 1126 3551 vinetum
1139 3508 1214 3551 eum
1225 3485 1360 3551 Romam
1372 3484 1434 3551 de-

359 3597 483 3688 portari
498 3598 605 3676 iussit,
623 3598 728 3689 specie
748 3611 785 3664 nt
802 3599 925 3664 senatui
937 3598 1147 3678 satisfaceret,
1165 3622 1198 3664 re
1218 3621 1288 3664 resa
1307 3611 1343 3664 ut
1362 3599 1436 3664 ric-

360 3722 412 3775 tus
430 3723 527 3791 esset,
547 3734 620 3776 nam
638 3724 708 3801 post
724 3712 866 3778 Prusiam
884 3711 966 3777 nulli
984 3712 1049 3802 regi
1066 3711 1158 3776 licuit
1176 3710 1297 3777 Urbem
1312 3711 1435 3778 intrare

360 3824 423 3889 nisi
442 3824 536 3889 ricto.
591 3822 689 3891 adon
712 3824 856 3891 Valerius
875 3824 1007 3890 Domitii
1027 3825 1149 3890 facturn
1168 3846 1274 3914 neque
1294 3822 1437 3913 probare

361 3937 499 4027 potuisse
515 3949 659 4003 senatum
677 3960 782 4028 neque
806 3936 1004 4018 rescindere,
1026 3962 1067 4004 ne
1083 3937 1231 4003 remissus
1246 3936 1282 4001 in
1295 3936 1438 4028 patriam

362 4049 487 4116 bellurn
507 4061 691 4130 renovaret3
714 4051 836 4142 placuit
854 4074 932 4142 ergo
950 4051 1093 4142 patribus
1114 4073 1188 4118 enm
1202 4051 1304 4117 Albae
1322 4063 1439 4117 custo-

363 4161 515 4230 diendum
545 4163 632 4245 dari,
655 4163 826 4255 filiumque
849 4166 917 4232 eius
943 4163 1189 4256 Gongentiatum
1208 4165 1329 4231 Romae
1349 4164 1439 4232 edn-

363 4274 502 4343 candum
523 4275 645 4342 scilicet
664 4276 804 4344 retineri.

391 4526 411 4596 Ι)
429 4524 512 4579 Strab.
529 4527 579 4580 tv.
600 4531 628 4587 l,
645 4541 670 4591 p.
692 4530 742 4615 185Ι
758 4524 803 4589 C„
822 4531 871 4578 298
890 4526 956 4580 Stet.
1009 4524 1107 4601 ’lm
1125 4528 1198 4583 Max.
1216 4527 1266 4581 IX.
1286 4532 1311 4580 6.
1331 4535 1357 4582 8.
