3210 5300
324 388 384 450 278
467 406 494 455 o.
517 404 618 448 rsarus
640 405 671 446 u.
694 403 721 446 r.
745 402 773 446 u.
795 402 826 447 a,
840 401 976 445 ‘anxians
996 401 1161 445 nucerinus
1181 385 1256 467 (17).

333 592 472 671 quatuor
489 580 667 671 legionibus
688 590 721 647 et
738 602 854 669 magno
874 580 1035 670 equitatu,
1054 579 1286 672 Campanisque
1307 581 1395 649 mille

333 694 494 784 equitibus
513 692 646 758 delectis
670 703 703 759 et
728 713 802 759 cum
821 692 942 761 maiore
961 693 1101 759 exercitu
1120 693 1278 760 sociorum
1296 695 1401 763 nomi·

332 807 446 897 nisque
466 807 572 871 Latini
590 805 728 895 proiecti
747 817 836 884 sunt,
854 805 932 873 dum
953 805 1142 873 Volumnius
1163 805 1332 897 imperium
1348 808 1400 875 cui

332 932 401 985 erat
420 932 644 1010 prorogatum,
669 920 703 985 in
722 918 852 987 Samnio
872 943 939 986 rem
959 931 1096 1010 gereret,
1119 919 1210 986 cuius
1229 943 1278 986 res
1299 931 1401 1010 gestas

333 1034 482 1124 persequi
506 1056 571 1098 non
595 1044 642 1097 est
665 1032 760 1100 huius
783 1033 856 1099 loci.

377 1145 446 1211 Nee
477 1158 585 1212 tamen
614 1144 691 1211 huic
713 1146 856 1237 opinioni
877 1146 982 1213 obstat
1002 1147 1139 1215 Fabium
1159 1147 1266 1213 statim
1284 1145 1400 1213 subre-

330 1259 413 1324 nisse
441 1257 592 1335 Clandio,
628 1256 705 1324 dum
741 1257 857 1324 Decius
891 1270 1014 1325 eeteros
1043 1260 1199 1324 exercitus
1233 1258 1398 1340 scriberet;

332 1371 441 1436 Livius
461 1372 573 1436 saltem
594 1370 657 1435 tale
676 1370 753 1460 quid
771 1393 912 1438 annuere
932 1370 1068 1451 ridetur,
1092 1383 1124 1439 et
1144 1371 1188 1436 sic
1209 1371 1279 1437 erui
1294 1383 1401 1462 potest

332 1483 382 1563 id,
406 1482 492 1573 quod
523 1505 594 1548 oum
618 1483 715 1573 appii
734 1484 891 1574 Fabiique
908 1484 1083 1553 inimicitiis
1104 1507 1212 1549 ansam
1229 1483 1318 1553 dedit
1337 1485 1400 1553 fin·

332 1596 442 1686 gendis
458 1596 718 1661 contentionibus
730 1596 806 1662 istis.
840 1597 908 1662 Hae
927 1610 1033 1663 autem
1051 1597 1146 1663 facile
1159 1609 1249 1663 erant
1267 1598 1400 1665 inventu

336 1698 507 1774 Annalium
537 1709 718 1774 auctoribus
747 1722 779 1775 et
804 1710 841 1775 iis
866 1709 1039 1804 historicis,
1064 1710 1119 1801 qui
1144 1710 1279 1778 oratorie
1299 1709 1400 1777 bisto-

333 1822 412 1887 riam
432 1821 633 1901 excolebant3
658 1823 776 1912 quibus
792 1823 824 1888 in
844 1822 1019 1893 inimicitiis
1040 1823 1225 1891 enarrandis
1238 1847 1333 1914 quam
1350 1825 1401 1891 in·

333 1935 427 2023 genio
459 1955 516 1999 suo
546 1933 755 2012 indulserint,
782 1934 831 2001 rel
852 1935 961 2001 Liuius
982 1937 1124 2026 agnovit:
1160 1948 1276 2014 nsunt,
1295 1935 1401 2025 inquit

331 2046 607 2136 indignabundus,
640 2048 757 2137 quibus
786 2071 827 2113 ne
857 2046 934 2114 baec
959 2048 1089 2138 quidem
1110 2049 1283 2114 certamina
1303 2071 1402 2138 erpo·

332 2183 409 2226 nere
438 2159 510 2224 satis
546 2160 657 2240 fuerit3
690 2160 875 2226 adiecerunt
903 2173 935 2226 et
969 2161 1063 2251 Appii
1093 2161 1330 2229 criminationes
1360 2159 1399 2226 de

331 2273 431 2338 Fabio
450 2273 582 2338 absente
605 2286 637 2339 et
658 2272 864 2365 pertinaciam
886 2272 1028 2339 eiusdem
1052 2273 1200 2340 adsersus
1221 2273 1400 2352 consulem,

332 2409 460 2452 necnon
489 2387 584 2452 aliam
612 2387 696 2452 inter
725 2387 861 2476 collegas
893 2387 1147 2465 contentionem3
1179 2399 1324 2452 constare
1351 2409 1401 2452 res

330 2502 444 2590 incipit
473 2522 510 2565 ex
540 2524 578 2566 eo
610 2513 770 2590 ternpore,
801 2523 866 2590 quo
892 2499 1031 2591 proiecti
1060 2498 1157 2565 ambo
1185 2498 1331 2565 eonsules
1362 2500 1401 2567 ad

330 2614 453 2679 bellum
480 2618 584 2680 sunt.'’

378 2727 557 2792 Redeamus
570 2726 609 2791 ad
621 2749 780 2816 pugnarn,
797 2748 860 2816 qua
870 2723 1029 2816 Scipionis
1040 2724 1124 2815 legio
1142 2724 1247 2791 deleta
1257 2737 1307 2792 est
1320 2728 1352 2791 ἐν
1361 2737 1400 2810 τῇ
1473 2746 1477 2753 ·

332 2839 514 2920 Kensprr‘ev
529 2841 634 2924 χώρᾳ,
657 2852 692 2905 ut
707 2839 857 2927 Polybius
875 2837 989 2917 babet,
1007 2850 1063 2903 aut
1077 2837 1118 2903 ad
1137 2837 1295 2917 Clusium,
1313 2839 1400 2929 quod

333 2951 411 3016 olim
444 2949 572 3017 Camars
602 2951 820 3042 appellabant,
855 2962 890 3016 ut
919 2951 1027 3016 Livius
1047 2951 1179 3040 scripsit.
1227 2951 1294 3017 Viri
1314 2952 1401 3019 docti

334 3065 366 3128 in
388 3063 510 3129 diversa
538 3063 748 3130 discesserunt
768 3063 855 3154 quod
884 3063 923 3129 ad
949 3063 1055 3129 locum
1078 3062 1171 3129 huius
1191 3064 1307 3155 proelii
1327 3066 1401 3131 otti·

334 3190 403 3256 net,
426 3176 652 3244 Niebubrius¹
688 3178 862 3266 Polybium
891 3176 1035 3267 sequitur
1063 3176 1255 3268 Liviumque
1283 3201 1401 3246 errasse

334 3291 443 3357 statuit
464 3292 611 3382 opinatus
630 3290 662 3356 iu
683 3291 818 3358 Umbria
840 3302 1016 3379 pugnatum
1037 3312 1119 3369 esse;
1143 3291 1306 3357 Haelrhius
1322 3314 1402 3361 eou-

333 3419 382 3471 tra
411 3404 496 3470 illius
527 3405 709 3495 opinionem
732 3403 851 3471 refellit
874 3402 1046 3493 perhibens
1071 3404 1315 3493 intelligendum
1336 3430 1402 3475 esse

337 3516 480 3584 Clusium
494 3519 557 3583 sire
569 3517 703 3582 alterum
715 3517 795 3582 illud
808 3516 962 3607 oppidum
976 3515 1119 3596 Camars,
1132 3517 1219 3607 quod
1231 3520 1263 3582 in
1274 3518 1402 3587 Etruria

335 3653 352 3694 a
384 3630 505 3695 colonis
534 3629 672 3697 Clusinis
698 3629 864 3697 conditum
886 3630 1003 3710 credit,
1033 3643 1069 3696 ut
1099 3644 1226 3722 supra²
1257 3631 1401 3699 vidimus.

334 3744 494 3833 Equidem
513 3744 683 3831 Polybium
701 3765 826 3833 sequor,
841 3767 915 3809 uem
933 3745 1082 3809 convenit
1098 3744 1166 3809 eius
1182 3744 1401 3813 testimonium

334 3879 408 3922 eum
431 3857 537 3928 Liuio.
562 3857 617 3946 qui
639 3857 835 3922 mentionem
866 3855 1048 3923 Camertum
1079 3880 1178 3947 quum
1200 3882 1264 3924 non
1286 3881 1401 3927 eonco-

337 3982 449 4060 queret
466 3993 540 4035 cum
559 3969 759 4060 expeditione
778 3970 894 4049 Tusca,
912 3970 952 4036 ed
972 3971 1137 4061 antiquam
1152 3973 1401 4063 appellationem

335 4083 462 4149 ridetur
479 4105 682 4175 provocasse3
707 4084 786 4150 baec
805 4085 979 4150 Tuscorum
1000 4097 1032 4150 et
1053 4084 1155 4152 Clusii
1174 4088 1295 4154 mentio
1317 4085 1402 4153 unde

336 4197 451 4287 pedem
480 4196 640 4277 intulerit,
672 4197 768 4264 facile
796 4197 945 4291 explicari
973 4211 1094 4289 potest,
1127 4223 1201 4268 nam
1231 4199 1271 4268 de
1303 4199 1402 4269 Gallis

364 4446 384 4513 ¹}
400 4445 434 4498 R.
452 4445 483 4500 G.
502 4448 553 4498 111.
573 4452 620 4498 441
641 4465 666 4500 n.
686 4452 746 4502 637.
815 4445 837 4518 ¹)
854 4449 892 4503 Cf.
911 4466 968 4518 pag.
987 4457 1045 4505 250.
1160 4473 1162 4477 ·
