3190 5304
341 451 403 514 390
484 469 512 520 n.
534 468 636 513 aaaron
657 468 685 518 a.
707 470 735 514 r.
756 469 785 519 o.
807 466 835 513 u.
856 432 988 511 aalruus
1008 466 1199 511 ssavrnrsuus
1219 448 1296 532 (ta).

353 643 492 728 minore,
525 643 600 711 hinc
623 643 795 712 admodum
816 643 992 736 probabilis
1011 642 1151 733 suspicio
1172 641 1354 734 Appianum
1383 656 1416 711 at

353 757 417 824 hoc
446 770 479 824 et
508 759 609 826 altero
638 759 711 824 loco
745 771 755 809 ¹
791 758 1004 826 Aemilianum
1035 758 1199 825 miscuisse
1229 780 1302 824 cum
1333 758 1422 824 illius

352 872 435 951 filio,
464 894 539 938 nam
567 882 717 962 quaestor
735 872 797 937 fuit
818 871 854 956 Q.
874 871 1031 938 Maximus
1051 871 1107 937 ille
1128 873 1199 958 (50)
1233 870 1296 937 hoo
1317 894 1421 952 anuo,

355 996 388 1051 et
399 983 526 1051 ridetur
538 995 660 1076 partem
673 984 837 1075 copiarum
850 983 1008 1075 Scipionis
1018 984 1051 1051 in
1063 983 1248 1075 Hispaniam
1261 983 1384 1051 duxisse
1395 994 1424 1062 2;

356 1097 416 1163 nisi
446 1096 583 1163 librariis
607 1119 696 1163 error
726 1098 900 1175 tribuatur,
934 1120 1008 1162 nam
1042 1097 1068 1162 si
1097 1096 1158 1162 hoc
1188 1096 1261 1162 loco
1289 1097 1427 1187 legimus

354 1212 591 1296 ἀδελφιδοῦν,
609 1211 781 1279 Aemiliani
801 1210 888 1277 filius
904 1209 1107 1301 intelligitur.

723 1394 741 1478 §
766 1396 797 1459 9.
844 1390 1009 1461 Nummus
1029 1402 1054 1459 ³.

404 1547 509 1640 Caput
536 1548 669 1617 lunonis
696 1549 853 1641 Sospitae
869 1551 997 1641 caprina
1024 1549 1111 1640 pella
1141 1549 1309 1630 amictum,
1341 1571 1427 1639 pone

357 1662 437 1729 EX
450 1661 589 1729 Senatus
613 1661 780 1729 Consulto.

407 1776 469 1841 Ara
490 1796 584 1867 supra
604 1796 700 1867 quam
722 1800 866 1867 serpens,
890 1788 965 1842 anta
989 1776 1127 1865 Quintus
1143 1774 1292 1843 FABius
1315 1772 1429 1862 Quinti

358 1888 466 1954 Filius
487 1888 701 1969 Mermus,
719 1912 802 1981 pone
824 1889 1116 1957 AIMILIANus.

407 2001 556 2092 Vulgarit
594 2002 737 2069 Goltzius
773 2002 899 2070 huncce
928 2003 1094 2069 denarium
1123 2001 1160 2067 ad
1192 2023 1312 2068 annum
1343 2002 1430 2079 9063

362 2115 694 2182 eratsaorumlunoai
714 2115 892 2207 quoddam,
911 2116 998 2206 quod
1019 2117 1052 2182 in
1071 2113 1302 2182 l'or001itorio
1317 2112 1431 2191 fiebat,

360 2229 562 2318 magistratus
578 2252 679 2320 quum
698 2229 817 2295 inirent
835 2252 983 2308 munera,
1006 2228 1094 2319 quod
1113 2251 1178 2317 quo
1198 2225 1295 2293 modo
1312 2223 1430 2292 cohae-

362 2351 432 2405 reat
461 2361 534 2406 cum
566 2353 676 2408 nostro
703 2342 803 2407 Fabio
833 2342 1026 2432 ignoramus.
1075 2340 1211 2406 Videtur
1238 2363 1276 2405 ex
1304 2337 1433 2406 duobus

364 2450 435 2518 aliis
454 2452 508 2518 hic
528 2472 679 2520 nummus
699 2476 765 2520 esse
786 2455 953 2521 conflatus.

822 2642 982 2655 —n—

753 2753 936 2827 CAPUT
969 2753 1054 2827 XII.

387 2898 526 2960 curuans
546 2899 664 2947 auarus
684 2900 714 2960 o.
735 2901 764 2950 r.
788 2884 845 2974 (o.)
870 2903 900 2951 n.
920 2900 1071 2949 narnus
1090 2899 1306 2949 aunrmrauns
1327 2879 1411 2969 (49).

729 3022 747 3104 §
770 3023 799 3085 1.
854 3018 980 3086 Consul
1000 3022 1075 3085 612.

492 3154 523 3211 Q.
544 3155 671 3203 FABIUS
685 3154 755 3219 QF.
773 3157 819 3222 (Q.)
838 3157 867 3208 ll.
885 3156 1018 3204 unximus
1036 3152 1248 3205 stutrtrANus
1263 3154 1284 3203 4,

492 3239 518 3287 L.
536 3239 681 3289 clucrttus
700 3242 727 3304 Q.
746 3241 770 3290 F.
789 3243 815 3290 L.
834 3242 862 3291 N.
883 3241 1028 3290 METELLUS
1046 3241 1178 3291 CALVUS.

415 3344 620 3411 Pervenimus
632 3344 670 3410 ad
682 3344 911 3427 Seruilianum,
922 3347 979 3437 qui
990 3344 1153 3413 abeodem
1167 3344 1203 3429 Q.
1214 3344 1351 3412 Maximo
1363 3345 1437 3434 (43)

369 3470 417 3524 est
435 3457 621 3549 adoptatus,
645 3472 770 3526 constat
788 3461 873 3527 enim
895 3460 957 3525 hoo
975 3458 1112 3549 duplicis
1131 3458 1312 3549 adoptionis
1327 3480 1438 3525 exem-

371 3570 462 3661 plum
492 3595 529 3638 ex
560 3570 705 3663 Appiano
733 3586 764 3653 ⁵,
793 3573 849 3664 qui
873 3584 1016 3639 nostrum
1040 3572 1209 3638 Aemiliani
1228 3571 1359 3636 fratrem
1379 3594 1440 3661 ap-

371 3684 492 3774 pellat;
521 3685 657 3752 absurda
681 3698 729 3753 est
748 3687 847 3776 igitur
866 3709 977 3752 eorum
998 3685 1125 3777 opinio,
1150 3685 1207 3775 qui
1226 3683 1440 3751 Verrucosum

372 3809 482 3864 nostro
500 3813 623 3889 patrem
641 3799 828 3891 adoptivum
847 3800 968 3866 scilicet
982 3810 1170 3890 posueruut,
1186 3820 1312 3864 necnon
1327 3795 1442 3863 Orellii

374 3922 408 3977 et
437 3912 545 3978 Bahrii
563 3913 700 4003 suspicio
723 3914 763 3978 ab
787 3913 964 3980 Aemiliano
985 3924 1128 3978 nostrum
1149 3935 1216 3978 esse
1234 3910 1443 4001 adoptatum,

374 4046 449 4091 nam
477 4025 538 4116 ipsi
565 4026 615 4092 illi
643 4027 793 4118 aequales
821 4038 929 4109 arant,
956 4026 1022 4092 imo
1054 4025 1249 4092 Aemilianus
1275 4036 1444 4091 strenuum

377 4136 481 4204 lilium
503 4141 573 4226 (50)
590 4153 819 4231 progenuerat,
844 4141 900 4232 qui
917 4139 1115 4231 Allobrogici
1133 4140 1263 4206 nomine
1280 4138 1445 4205 inclaruit.

406 4341 426 4407 1)
444 4342 520 4410 unp.
539 4350 581 4396 aa.
642 4342 662 4410 1)
680 4346 720 4397 cf.
743 4345 804 4411 cap.
822 4361 872 4396 xm
887 4346 934 4411 aa
955 4347 1030 4397 huius
1051 4347 1132 4397 nans.
1193 4342 1213 4413 3)
1231 4346 1310 4397 vmr.
1332 4344 1383 4396 ara
1404 4350 1454 4405 123

372 4428 438 4480 Mor.
464 4420 540 4479 XVI.
567 4435 606 4480 lr.
641 4428 662 4498 ⁴)
679 4429 748 4482 Fast.
771 4430 833 4496 Cap.
856 4431 884 4480 h.
901 4447 938 4492 a.;
961 4430 1013 4483 Cio.
1036 4430 1072 4480 acl
1090 4428 1144 4482 Ata
1162 4429 1227 4481 XII.
1245 4435 1260 4480 5
1278 4430 1292 4495 t
1310 4435 1325 4481 5
1332 4452 1340 4494 i
1358 4428 1457 4499 Obsuq.

375 4517 423 4574 815
442 4511 513 4566 Oros.
531 4515 566 4567 V.
585 4520 601 4566 4
607 4535 614 4576 ς
631 4514 742 4570 Cassiod.
748 4536 756 4577 ;
773 4516 827 4569 An.
844 4517 924 4579 Nona
938 4517 1007 4570 Fast.
1024 4517 1076 4573 Sic.
1128 4513 1148 4586 5)
1166 4513 1242 4582 Hisp.
1261 4518 1303 4568 fit.
