3210 5300
315 420 376 483 342
425 490 428 495 ,
457 439 484 489 o.
505 436 608 483 noeros
630 440 658 490 o.
679 438 707 480 r.
729 437 757 488 o.
778 437 807 481 n.
827 435 958 480 urxrnus
980 436 1150 481 conoraron
1170 419 1285 503 (33).”,
1319 498 1334 515 ..

323 616 431 685 Iocum
455 638 520 683 non
540 613 679 695 addunt,
703 613 794 705 atqui
814 636 922 680 nerum
943 626 1090 692 nonest,
1113 614 1201 703 quod
1222 615 1390 685 Haalrhios

326 727 388 795 sibi
412 728 582 799 ridebatur
602 729 713 817 legisse
733 726 819 817 apud
838 724 1045 793 Plutarchum
1066 726 1187 793 Rornae
1206 728 1287 794 illud
1308 733 1395 797 occia

325 839 419 909 disse.
459 842 569 919 Venit,
587 841 734 932 inquam,
758 840 792 904 in
812 851 913 906 castra
935 862 1018 930 equo
1039 851 1163 920 rectus,
1187 820 1224 907 ex
1245 866 1311 933 quo
1332 869 1391 911 no-

324 954 386 1020 luit
404 955 597 1021 descendere
617 955 740 1020 etiamsi
769 953 895 1021 obviam
915 954 976 1019 iret
1001 953 1140 1034 consuli,
1165 955 1219 1022 sed
1245 971 1388 1048 praeter·

325 1080 433 1135 neotus
462 1080 510 1135 est
538 1067 688 1135 undecim
715 1067 815 1133 fasces
839 1065 903 1132 sire
924 1066 1095 1133 maiestatis
1115 1069 1307 1137 verecundia
1325 1093 1391 1136 nou

326 1179 481 1246 auderent
513 1180 642 1247 lictores
667 1180 778 1247 iubere
801 1191 836 1245 ut
857 1178 1081 1258 descenderet,
1104 1180 1168 1246 sive
1191 1193 1226 1247 ut
1246 1182 1393 1251 Valerius

326 1294 483 1375 coniecit,
513 1296 578 1360 irae
597 1294 712 1384 plenus
731 1305 763 1359 et
784 1292 967 1383 indignatus
988 1291 1075 1382 quod
1099 1316 1192 1360 nemo
1209 1319 1248 1369 ex
1268 1296 1393 1362 lictori·

323 1406 385 1473 bus
401 1405 483 1471 illud
506 1407 660 1486 iussissem
680 1403 838 1495 quidquid
857 1415 919 1483 est,
941 1426 1005 1470 non
1027 1404 1205 1470 verisimilis
1227 1405 1392 1475 Plutarchi

325 1520 509 1587 coniectura
531 1531 663 1610 propter
685 1530 822 1584 aetatem
844 1531 876 1585 et
897 1517 1095 1583 debilitatem
1117 1541 1190 1586 eum
1212 1543 1296 1609 equo
1319 1543 1394 1588 nec-

326 1644 414 1710 tum,
438 1654 511 1696 nam
532 1631 715 1722 experiendi
734 1652 827 1696 causa
845 1629 928 1695 illud
948 1630 1042 1709 fecit,
1066 1643 1099 1696 et
1116 1630 1246 1697 desiluit
1261 1632 1393 1699 demum

327 1745 384 1811 ubi
412 1746 574 1835 proximus
601 1745 696 1813 lictor
725 1745 811 1811 iussu
840 1744 980 1810 consulis
1005 1744 1221 1823 inclamasset,
1250 1756 1319 1811 tum
1339 1770 1393 1812 ex·

327 1858 445 1949 periri,
467 1858 593 1948 inquit,
618 1857 718 1936 volui,
743 1858 825 1923 satin
845 1857 940 1923 scires
961 1857 1124 1923 consulem
1146 1870 1177 1924 te
1197 1880 1273 1924 esse.

370 1971 536 2037 Praeterea
565 1970 730 2037 retinuit¹
764 1982 870 2036 noster
897 1970 1001 2036 lilium
1034 1992 1142 2048 aarum,
1171 1993 1269 2061 quum
1299 1972 1395 2038 nimis

284 2111 291 2118 ·
327 2084 477 2150 atrociter
495 2083 535 2149 de
559 2084 678 2173 Arpino
698 2082 837 2174 quodam
850 2082 942 2148 Dasio
960 2083 1082 2151 Altinio
1102 2082 1271 2163 iudicaret,
1287 2085 1343 2174 qui
1360 2110 1394 2152 se

326 2197 428 2286 Arpos
448 2198 651 2288 proditurum
670 2208 894 2287 proposueram
917 2195 1045 2263 nolebat
1066 2219 1139 2262 eum
1168 2197 1332 2263 verberare
1361 2211 1394 2264 et

325 2314 440 2377 necare
456 2311 489 2375 in
507 2311 684 2401 praemium
702 2308 866 2374 dubitatae
891 2307 966 2375 fidei
984 2309 1192 2397 Arpinorum,
1210 2320 1301 2398 peter
1319 2332 1396 2376 con-

326 2436 374 2488 tra
391 2423 589 2513 proditorem
604 2424 638 2488 in
655 2422 758 2489 libera
775 2421 918 2488 custodia
936 2444 1010 2487 eum
1026 2421 1214 2487 servandum
1234 2424 1397 2502 censebat,

327 2537 409 2602 sicut
439 2537 560 2605 lactum
583 2550 645 2615 est3
669 2537 759 2601 cuius
785 2535 831 2601 rei
850 2534 964 2599 nuntio
985 2533 1024 2601 ad
1044 2534 1257 2600 Hannibalem
1283 2537 1397 2618 misso,

325 2650 463 2717 atrocius
484 2649 538 2717 ille
562 2649 820 2717 animadvertisse
839 2648 941 2715 fertur
958 2647 991 2711 in
1009 2646 1190 2736 proditoris,
1203 2647 1330 2716 liberos.

555 2832 572 2913 §
601 2831 651 2892 14.
696 2826 863 2920 Princeps
888 2827 1033 2894 Senectus
1059 2833 1121 2894 545
1142 2840 1166 2894 ².

373 2984 527 3052 Censores
547 2985 641 3051 huius
665 2986 740 3051 anni
764 2986 807 3052 M.
829 2984 995 3052 Cornelius
1018 2982 1176 3074 Cethegus
1196 2999 1227 3051 et
1252 2988 1284 3051 P.
1305 2984 1398 3052 Sem·

327 3097 460 3188 pronius
479 3097 654 3165 Tuditanus
674 3099 802 3189 qualem
823 3097 945 3187 egerint
962 3119 1107 3176 censum,
1132 3120 1219 3162 nune
1238 3122 1303 3164 non
1322 3123 1398 3190 per-

328 3234 458 3302 sequar,
479 3212 709 3303 praeterquod
730 3211 770 3277 ad
787 3222 929 3276 nostrum
950 3211 1079 3288 attinet,
1102 3232 1216 3299 magna
1233 3211 1296 3277 luit
1315 3214 1399 3279 inter

327 3348 381 3391 eos
399 3325 562 3392 contentio
578 3326 612 3391 in
629 3338 740 3391 senatu
760 3322 912 3414 legendo,
930 3345 1101 3412 quemnam
1117 3325 1297 3415 principem
1310 3326 1400 3416 leges

327 3449 408 3503 rent.
454 3439 523 3504 Mos
542 3439 628 3505 enim
648 3449 731 3517 erat,
755 3449 790 3502 nt
810 3438 834 3501 is
850 3437 997 3526 princeps
1017 3436 1184 3526 legeretur,
1202 3440 1258 3527 qni
1277 3439 1403 3529 primus

330 3570 441 3615 censor
469 3549 580 3617 suisset
609 3572 645 3614 er
677 3548 888 3627 senatoribus3
923 3547 1047 3614 virebat
1069 3548 1174 3615 adhuc
1204 3549 1238 3616 T.
1260 3550 1400 3621 Manlius

332 3661 510 3750 Torquatus
530 3661 692 3726 censorius
711 3659 788 3724 anni
808 3663 888 3738 523,
908 3660 961 3724 sed
981 3659 1095 3748 procul
1112 3659 1212 3725 dubio
1225 3659 1399 3733 Cunctator

330 3773 474 3840 omnium
497 3795 652 3839 consensu
683 3771 798 3861 dignus
829 3770 1023 3854 habebatur,
1056 3772 1113 3861 qui
1141 3771 1203 3837 hoc
1235 3787 1400 3843 ornaretur

332 3887 463 3953 honore.
507 3884 715 3976 Sempronius
735 3896 820 3952 recte
840 3885 921 3951 illud
948 3899 1147 3976 perspectum
1169 3885 1322 3967 habebat,
1345 3913 1401 3956 ve·

333 4022 404 4065 rurn
440 3998 521 4066 alter
555 3998 650 4065 nimis
682 4011 776 4065 tenax
809 3999 989 4079 resistebat,
1019 3998 1148 4065 tandem
1181 4002 1335 4068 concessit
1366 4016 1400 4071 et

335 4111 369 4196 Q.
382 4111 520 4176 Fabium
541 4104 713 4178 Maximum
738 4112 917 4203 principem
939 4125 1065 4179 senatus
1087 4112 1165 4179 dirit
1183 4112 1399 4206 Sempronius.

364 4225 520 4316 Sequenti
531 4225 632 4291 lustro
643 4225 791 4294 anni550
801 4226 913 4294 eodem
926 4225 1170 4294 honoroiterum
1181 4242 1308 4295 ornatus
1318 4242 1366 4296 est
1375 4243 1400 4300 ³.

362 4476 383 4545 ι)
395 4478 452 4532 niv.
463 4477 567 4533 xxiv.
578 4477 699 4545 impp.
710 4474 778 4528 nan.
791 4483 830 4530 13.
857 4476 1127 4546 unrvmxvnnr.
1154 4478 1412 4551 umnxxrxat.
