3154 5294
309 500 386 547 raon
398 502 523 547 snansrr
534 482 580 565 (9,
595 482 645 557 10,
660 482 719 565 11).
746 483 807 566 56.
820 499 893 545 unas
904 502 994 547 carra
1006 485 1076 548 set.
1191 487 1230 548 93

202 678 266 747 Sed
302 681 372 771 quis
400 703 464 745 non
495 679 581 745 ridet
608 689 751 769 posteros
778 691 903 745 tantum
938 703 1097 747 sacrorum
1132 701 1227 745 causa

161 792 238 859 baec
269 793 406 859 scribere
433 793 589 885 potuisse,
612 791 697 858 idem
727 792 834 858 locum
861 793 985 860 obtinet
1005 795 1038 859 in
1060 817 1114 873 eo,
1138 792 1225 884 quod

162 906 326 972 tradantur
346 907 474 973 iuvenes
495 903 691 996 Capitolium
710 905 909 972 adscendisse
929 929 1033 973 arcem
1050 906 1227 982 defensuri,

161 1018 237 1085 dum
256 1020 396 1084 seniores
414 1019 445 1083 in
463 1017 542 1084 urbe
557 1018 775 1108 reliquissent,
787 1041 923 1109 quorum
941 1020 1061 1084 iactura
1078 1016 1163 1083 haud
1181 1019 1226 1084 ita

160 1133 259 1221 gravis
277 1132 368 1198 foret
395 1132 501 1198 Turba
517 1155 591 1222 ergo
602 1132 762 1198 seniorum
775 1131 886 1198 domos
898 1156 1036 1223 regressa
1048 1132 1099 1199 rel
1109 1132 1141 1197 in
1154 1132 1224 1198 foro

159 1245 353 1311 coniunctim
374 1245 544 1310 adrentum
567 1243 707 1311 hostium
729 1245 888 1312 obstinato
909 1245 949 1311 ad
966 1259 1103 1312 mortem
1120 1247 1226 1312 animo

159 1358 374 1447 exspectabam
392 1358 448 1448 qui
465 1358 591 1423 curules
616 1373 776 1449 gesserant
796 1360 996 1451 magistratus
1020 1359 1171 1427 sedebant
1191 1360 1225 1425 in

70 1482 74 1495 ·
159 1469 243 1534 atriis
262 1471 410 1536 morituri
428 1471 460 1535 in
478 1471 606 1536 eburnis
623 1471 724 1552 sellis;
744 1475 883 1564 suntqui
895 1497 948 1541 eos
960 1498 992 1541 se
1004 1472 1226 1541 decorissele·

160 1595 232 1648 ruut
251 1590 426 1673 praecunte
443 1583 597 1674 pontifice
618 1585 775 1665 marim03
800 1585 885 1652 Galli
900 1610 973 1653 mox
989 1597 1082 1678 porta
1099 1583 1227 1652 Collina

159 1696 288 1785 ingressi
299 1695 492 1762 delabuntur
503 1696 541 1762 ad
553 1696 703 1786 praedam
722 1699 754 1763 in
774 1698 878 1764 raonis
895 1699 967 1779 riis3
982 1698 1153 1765 solitudine
1168 1698 1226 1764 ab·

160 1811 299 1876 sterritos
325 1809 510 1901 patentibus
536 1811 623 1876 atriis
644 1811 838 1903 principium
861 1812 1022 1878 cunctatio
1043 1822 1131 1877 tenet
1153 1810 1227 1877 Gal·

160 1923 218 2002 los,
235 1923 403 1989 intuentur
422 1924 618 2014 gravissimos
636 1947 726 1991 senes
746 1925 800 1992 Dis
821 1926 1001 1992 simillimos
1021 1924 1107 1990 velut
1125 1925 1225 1990 simu-

160 2035 241 2100 lacra
270 2034 434 2114 sedentes;
467 2038 725 2126 septuagenarius
752 2037 795 2102 M.
815 2037 958 2128 Papirius
979 2036 1118 2127 denique
1141 2035 1227 2102 Galli

161 2146 292 2212 barbam
317 2168 406 2211 suam
427 2146 610 2235 experiendi
628 2168 721 2213 causa
742 2146 899 2212 mulcenti
920 2147 1061 2236 scipione
1083 2147 1226 2214 eburneo

161 2262 191 2325 in
209 2272 306 2352 caput
327 2260 452 2325 incusso
472 2261 553 2325 iram
572 2273 698 2338 movet,
721 2261 758 2326 fit
778 2260 905 2335 caedes,
924 2273 955 2325 et
976 2259 1016 2326 ad
1038 2282 1137 2326 unum
1156 2285 1226 2327 om-

160 2397 211 2440 nes
236 2373 396 2463 oetogiuta
417 2373 466 2438 illi
486 2395 575 2438 senes
595 2373 806 2440 trucidantur.

204 2488 291 2553 Haec
320 2485 523 2576 impudenter
549 2498 658 2551 oruata
685 2508 752 2552 esse
782 2485 958 2564 conteud03
990 2486 1107 2552 multos
1136 2509 1226 2553 senes

163 2600 280 2668 Gallica
302 2600 395 2665 clade
412 2598 557 2690 periisse,
582 2600 653 2689 quis
672 2599 852 2678 dubitabit3
876 2597 963 2689 quod
984 2621 1084 2689 quum
1104 2600 1138 2667 in
1160 2600 1227 2668 his-

164 2715 276 2780 toriam
293 2725 374 2779 esset
391 2713 625 2803 recipiendum,
638 2736 717 2779 rana
727 2713 947 2779 Romanorum
959 2712 1089 2778 iactatio
1103 2713 1227 2793 elucet,

165 2851 242 2918 quae
261 2826 334 2894 illos
355 2825 506 2917 depingat
524 2848 663 2892 summos
683 2838 848 2915 martyras.
882 2826 1016 2908 Posteris
1028 2839 1227 2916 compertum

163 2952 225 3007 crat
256 2963 310 3006 eos
334 2939 506 3016 interiisse,
530 2939 593 3004 iam
613 2938 784 3005 traduntur
802 2939 842 3005 de
865 2938 1049 3006 defensione
1067 2940 1117 3006 vir
1139 2943 1226 3032 cogi-

163 3066 238 3120 tasse
269 3052 323 3119 sed
355 3053 420 3118 alto
449 3052 618 3143 supercilio
647 3054 786 3119 firmiore
818 3055 943 3132 animo,
976 3076 1073 3144 quam
1103 3077 1227 3121 summo

163 3165 274 3233 Stoico
293 3165 418 3248 luisset,
442 3165 475 3230 in
495 3165 584 3231 atriis
603 3165 719 3232 sedisse
739 3190 779 3232 ne
798 3167 993 3256 reipublicae
1012 3166 1097 3232 cladi
1115 3190 1228 3258 super·

164 3281 247 3346 stites
268 3279 389 3357 forent,
413 3302 508 3369 quam
528 3278 629 3344 divini
647 3302 736 3345 senes
753 3277 1001 3369 praesagiebant.
1033 3277 1134 3345 Gadet
1147 3278 1228 3346 haec

162 3393 284 3483 poetica
314 3392 416 3471 lama,
451 3393 476 3457 si
496 3391 681 3481 cogitaveris
709 3392 820 3458 Gallos
852 3392 985 3457 intrasse
1010 3389 1130 3458 Urbem
1154 3403 1228 3482 post

165 3506 376 3573 obsessionem
407 3503 596 3594 quamdam,
627 3527 693 3570 nou
722 3528 795 3570 vero
816 3503 1000 3595 patentibus
1020 3504 1136 3593 portis,
1159 3503 1230 3570 fieri

164 3631 282 3710 potest,
308 3630 344 3683 ut
362 3640 545 3709 persuasum
570 3618 608 3683 iis
624 3630 704 3684 esset
725 3616 847 3685 Urbem
868 3628 996 3707 captum
1017 3616 1055 3681 iri
1070 3628 1144 3707 post
1157 3629 1229 3682 tau-

165 3745 223 3799 tam
255 3730 402 3810 cladem,
423 3731 477 3797 sed
497 3743 659 3822 supererat
677 3731 792 3796 militia
812 3731 951 3809 urbana3
971 3751 1028 3794 cur
1049 3752 1112 3795 uon
1132 3730 1228 3795 aufu-

168 3858 277 3936 gerunt
309 3867 383 3910 cum
404 3844 536 3935 reliquis
559 3843 793 3924 sacerdotibus,
816 3843 1004 3910 mulieribus
1026 3842 1228 3933 liberisque?

170 3959 342 4026 Pulchrum
359 3981 425 4023 esse
439 3981 498 4048 pro
513 3958 615 4048 patria
635 3957 735 4034 mori,
758 3979 823 4022 nou
842 3956 979 4022 Romani
997 3979 1149 4046 umquam
1167 3954 1229 4020 du·

170 4073 325 4151 bitarnnt,
338 4071 513 4137 dummodo
532 4069 740 4137 defendentes
755 4083 786 4136 et
801 4066 1006 4137 commodum
1024 4067 1231 4158 nescioquod

171 4199 328 4275 petentes,
357 4208 468 4252 rerum
496 4207 560 4250 uon
586 4182 682 4249 credo
711 4207 764 4249 eos
793 4182 925 4248 sicsine
952 4181 1020 4246 ullo
1044 4182 1159 4247 merito
1181 4182 1230 4247 in·

174 4300 261 4366 terire
291 4299 427 4366 voluisse
454 4299 629 4364 voluntaria
650 4309 762 4363 morte.
809 4296 877 4362 Nec
897 4308 1004 4360 tamen
1023 4293 1101 4360 haec
1123 4295 1230 4359 omnia

175 4411 345 4491 sufficiunt,
371 4411 426 4476 alii
453 4411 514 4476 alia
543 4411 747 4502 supplerunt,
771 4431 811 4474 ue
836 4405 914 4498 quid
935 4405 1044 4481 deesse
1070 4402 1230 4473 rideretur

178 4522 292 4614 ingenti
319 4523 417 4603 cladi3
441 4526 607 4615 finguntur
629 4521 800 4589 venerandi
822 4529 911 4587 senes
930 4518 1107 4586 voluntaria
1127 4529 1231 4584 morte
