3194 5302
370 445 400 496 o.
417 443 518 489 racana
535 444 564 486 rr.
582 444 608 486 r.
626 443 787 488 vincurius
798 425 853 510 (2).
883 427 904 508 §
922 428 954 487 2.
971 444 1049 488 unns
1069 427 1137 488 274.
1253 428 1292 487 33

220 620 304 686 iuter
318 620 473 710 primores
483 620 601 687 Fabius
617 620 768 687 excelluit
785 633 906 701 noster,
923 622 980 711 qui
990 644 1143 712 praeceps
1154 642 1187 685 se
1199 618 1288 685 dedit

215 734 248 798 in
259 732 417 802 Veientes.
435 734 525 801 Tunc
534 734 693 801 incautius
710 756 810 825 quum
825 734 909 799 inter
928 756 1038 801 eorum
1056 756 1171 800 manus
1183 754 1286 799 versa·

215 857 317 924 retur,
339 846 428 912 ferox
447 848 567 913 Tuscus
581 870 655 914 earm
671 847 780 938 gladio
798 870 859 938 per.
870 859 982 937 pectus
999 847 1172 937 transfigit,
1189 844 1285 924 μέχρι

212 964 272 1027 τῶν,
296 958 496 1040 onesimum
523 960 670 1035 ἐλθούσης
694 968 750 1034 raia
774 962 923 1040 αἰχμῆς.
948 983 1020 1049 quo*
1042 970 1198 1026 exstracto
1226 978 1285 1045 pro

215 1073 462 1160 pautaneaidir.
509 1071 645 1139 Nonnisi
665 1072 821 1138 atrociore
840 1072 979 1161 proelio,
1008 1096 1074 1163 quo
1094 1069 1208 1139 consul
1228 1066 1286 1133 Cn.

212 1184 351 1255 Manlius
369 1186 484 1276 periit,
500 1184 599 1253 frater
610 1185 736 1251 Marcus
746 1207 820 1250 cum
837 1184 925 1251 ultus
936 1198 998 1262 est,
1013 1199 1048 1252 ut
1063 1186 1147 1251 inira
1162 1198 1169 1234 ¹
1195 1181 1286 1251 ride·

211 1298 325 1367 bimus.
375 1298 517 1365 Victores
537 1299 675 1365 Romani
694 1320 731 1365 er
752 1297 814 1363 hoc
831 1299 919 1365 bello
939 1298 1117 1377 redierunt,
1142 1297 1284 1363 consuli-

211 1435 274 1502 que
293 1425 421 1479 senatus
438 1411 637 1502 triumphum
658 1414 830 1492 concessit,
849 1412 902 1480 aed
919 1413 1038 1479 nobilis
1054 1414 1109 1478 ille
1129 1412 1284 1479 honorem

210 1522 309 1591 istum
335 1523 520 1613 denegavit,
546 1523 685 1590 lauream
712 1523 990 1614 acciperenolens
1010 1547 1110 1615 quum
1141 1547 1284 1615 »respu-

211 1636 308 1707 blica·
327 1636 404 1701 orba
434 1648 515 1705 esset
542 1637 674 1705 consule
702 1637 803 1705 altero
828 1638 945 1705 omisso.
963 1651 994 1704 et
1014 1638 1135 1704 familia
1157 1639 1284 1705 funeste

212 1748 360 1833 Mami
379 1748 484 1821 fratris
506 1753 646 1828 morte'’,
678 1773 743 1840 qno
771 1750 850 1818 loco,
868 1751 1002 1818 Liriano
1023 1751 1202 1842 magistello
1226 1751 1284 1816 tri·

210 1861 436 1933 buerimillud
457 1862 495 1949 Q
515 1863 624 1931 Faria
672 1862 791 1935 Contra
811 1864 930 1930 exstitit
951 1864 1100 1931 laudator
1120 1863 1231 1947 Quinti
1251 1876 1283 1929 et

209 1973 352 2063 collegae
378 1974 411 2039 in
441 1975 582 2064 publicis
607 1998 716 2049 eorum
739 1977 925 2056 funeribus,
948 1976 990 2045 de
1015 1976 1283 2067 qualapdatione

210 2108 304 2177 supra
328 2098 340 2136 ²
362 2088 425 2155 inm
446 2089 567 2157 moeni.

605 2476 886 2551 creonam.
954 2450 969 2493 ⁴

334 2714 338 2725 ,
422 2671 525 2725 rruso
547 2671 665 2719 ramus
690 2672 721 2718 rr.
744 2671 772 2718 r.
798 2670 983 2721 vacuatus
1007 2653 1067 2743 (3)

493 2814 509 2825 *i
544 2834 561 2917 §
591 2836 618 2898 l.
669 2832 835 2919 Quaestor
853 2834 924 2915 ,269
948 2845 970 2897 ³.

227 2995 350 3065 :Modo
380 2997 443 3062 iam
472 2997 608 3066 vidimus
637 2996 815 3062 Kaesonem
845 2995 970 3062 huncce
993 3019 1072 3062 eum.
1093 2997 1130 3062 L.
1158 2997 1281 3064 Valerio

205 3122 410 3199 quaestorem
433 3111 473 3177 in
500 3132 594 3176 causa
624 3108 787 3189 Cassianae,
817 3108 992 3175 dummodo
1012 3109 1144 3200 publica
1167 3110 1280 3192 luerit;

206 3222 360 3293 nondum·
379 3222 568 3291 crediderim
598 3246 657 3297 eos,
676 3224 805 3288 comitia
825 3245 1030 3301 convocasse,
1054 3235 1089 3287 ut
1109 3222 1280 3310 Dionysius

206 3337 337 3416 scribit,
372 3360 483 3427 quem,
498 3349 583 3404 recte
613 3336 810 3405 Niebubrius
834 3348 846 3395 t
878 3337 979 3426 carpit
1009 3359 1045 3401 ea
1070 3335 1110 3401 de
1138 3359 1277 3414 re‚‚cec

207 3447 351 3521 cassiam
371 3449 410 3514 de
429 3474 501 3519 saro
518 3451 652 3541 Tarpeio
674 3449 839 3527 deiecisse,
861 3462 1000 3515 attamen
1018 3473 1076 3540 pro
1089 3449 1276 3539 republica,

206 3575 242 3627 ut
270 3563 318 3631 ita
340 3563 462 3642 dicam,
485 3576 667 3655 quaestores
697 3564 773 3629 illos
790 3563 822 3628 in
842 3564 890 3629 ius
913 3585 1037 3628 vocasse
1058 3561 1113 3652 Sp.
1132 3561 1275 3631 Cassium

203 3676 285 3766 legis
305 3678 445 3767 agrariae
469 3678 622 3756 latorem,
646 3701 710 3743 non
735 3689 781 3744 est
806 3676 891 3767 quod
917 3676 1072 3743 dubitem.
1174 3720 1178 3732 »
1234 3724 1238 3733 .

209 3836 224 3855 .-
253 3788 421 3872 Quomodo
451 3804 557 3858 autern
585 3791 637 3857 hic
663 3791 1055 3882 magistratus-cohaereat
1078 3812 1152 3855 oum
1173 3790 1274 3855 altero

203 3925 353 3983 munere,
387 3903 473 3995 quod
504 3916 646 3997 tempore
680 3905 801 3970 liberae
827 3905 1024 3995 reipublicae
1054 3903 1274 3995 quaestoribus

203 4018 316 4081 aerarii
347 4018 426 4097 fuit,
457 4036 524 4083 non
552 4031 658 4109 potest
684 4031 770 4084 recte
792 4019 950 4107 dignosci,
981 4040 1040 4083 nec
1059 4031 1178 4084 veteres
1199 4039 1274 4107 per·

203 4142 350 4220 spectum
371 4129 542 4199 hebebant.
589 4133 672 4199 Hinc
696 4133 905 4200 diversissima
933 4145 1184 4224 proposuerunt,
1205 4143 1273 4197 tum

220 4399 588 4470 ¹¹)Cf.Cap.1v§2huina
605 4405 683 4456 Libri.
734 4399 1015 4469 ²)cf.§epag...2a.
1058 4403 1277 4474 tininensi,

194 4486 273 4539 Dion.
291 4488 351 4540 Hal.
370 4491 446 4543 VIII.
468 4491 578 4541 77-79.
649 4489 669 4558 ⁴)
688 4487 721 4539 R.
743 4485 773 4542 G.
792 4490 828 4541 11.
851 4494 898 4541 190
915 4507 941 4542 n.
958 4494 1016 4542 366.

1091 4577 1111 4639 3
