3190 5304
310 465 371 528 392
443 485 469 534 o.
492 481 594 525 rrerns
616 483 643 532 o.
667 482 692 523 r.
715 481 742 530 o.
765 478 792 520 n.
816 477 946 521 narrans
967 474 1156 520 serranianus
1178 458 1253 542 (49).

616 704 635 789 §
661 708 691 768 2.
739 700 810 766 Pro
833 687 964 765 consule
987 703 1052 766 613
1076 713 1099 765 ¹.

369 885 556 952 Secundum
586 882 711 947 Livium
740 903 799 970 pro
827 880 958 946 consule
980 880 1098 945 Fabius
1125 881 1312 971 expugnatis
1336 885 1397 949 aii-

326 1009 406 1090 quot
426 996 558 1064 urbibus
578 995 698 1084 reeepit
719 993 835 1058 bonam
856 993 1037 1058 Lusitaniae
1058 1004 1198 1082 partem,
1221 996 1310 1095 atqui
1332 995 1398 1062 hoc

325 1133 409 1176 anno
429 1108 597 1200 imperium
627 1107 656 1172 ei
676 1119 882 1197 prorogatum
903 1118 965 1185 est,
989 1105 1074 1172 unde
1100 1106 1243 1197 sequitur
1265 1108 1396 1175 Harles-

327 1225 408 1288 sium
430 1233 442 1275 ²
464 1222 622 1311 scripsisse
642 1231 752 1284 contra
774 1241 895 1284 morem
915 1219 1110 1284 Romanum:
1129 1243 1188 1310 per
1199 1220 1277 1287 duos
1297 1245 1397 1288 anuos

327 1352 401 1400 eurn
421 1335 582 1399 consulem
600 1354 666 1397 rem
683 1326 810 1424 gessisse
820 1343 853 1397 et
869 1331 964 1398 tertio
980 1330 1110 1397 demum
1127 1354 1210 1397 anno
1226 1332 1398 1423 imperium

328 1448 359 1512 ei
387 1457 591 1537 prorogatum
623 1467 703 1523 esse3
737 1443 791 1509 sed
822 1467 907 1509 error
934 1443 990 1509 ille
1016 1467 1053 1509 ex
1075 1443 1212 1535 Appiani
1231 1445 1310 1511 locis
1329 1469 1395 1513 non

328 1570 416 1624 recte
448 1558 643 1648 transpositis
678 1569 771 1622 natus
806 1553 868 1635 est,
902 1555 989 1645 quod
1021 1578 1139 1622 norum
1173 1570 1396 1645 argumentum

329 1670 456 1735 evincit·
468 1670 607 1759 Appiani
628 1669 732 1760 capita
751 1668 815 1733 alio
835 1667 946 1733 ordine
962 1690 1036 1733 ‘esse
1060 1667 1206 1757 legenda.

376 1782 494 1849 Cuneis
514 1783 546 1847 in
568 1783 679 1847 ultima
702 1780 863 1845 Lusitania
881 1779 1012 1845 devictis
1030 1793 1215 1869 persecutus
1230 1795 1276 1848 est
1293 1783 1398 1849 Viria-

330 1895 442 1974 thum,
475 1917 538 1985 quo
567 1894 600 1958 in
628 1894 741 1958 itinere
774 1891 906 1958 Curium
939 1903 970 1957 et
996 1891 1167 1981 Apuleium
1192 1917 1265 1960 cum
1287 1899 1400 1962 10000

330 1990 546 2074 Romanorum
561 2006 726 2072 insidiatus
739 2017 785 2071 est
797 2006 830 2069 in
843 2005 973 2070 saltibus
986 2005 1088 2094 iisque
1099 2005 1251 2095 praedam
1263 2009 1397 2097 eripuit,

331 2144 426 2212 qnam
448 2119 641 2185 Servilianus
661 2143 731 2184 mox
752 2118 881 2208 recepit.
930 2118 1055 2207 Eripuit
1076 2117 1192 2185 deinde
1212 2120 1398 2199 Escudianr,

332 2233 508 2300 Gemellam
536 2246 567 2298 et
596 2216 801 2309 Obolcolam,
825 2231 900 2299 alias
922 2231 1016 2295 urbes
1039 2233 1189 2312 vastarit,
1212 2233 1283 2298 aliis
1303 2235 1397 2324 igno·

329 2350 392 2426 rit3
413 2354 521 2412 contra
539 2345 711 2410 crudeliter
729 2345 838 2410 saeviit
859 2345 890 2407 in
910 2344 1052 2433 captivos
1082 2343 1172 2409 mille
1195 2369 1275 2435 quos
1296 2346 1396 2412 babe-

331 2460 401 2537 bat,
422 2483 558 2550 quorum
572 2459 737 2524 dimidiam
753 2468 874 2549 partem
888 2457 989 2521 securi
999 2457 1123 2546 percuti
1133 2458 1239 2537 iussit,
1256 2472 1287 2525 et
1298 2482 1398 2550 quum

332 2573 430 2663 paulo
450 2585 522 2663 post
544 2571 695 2639 Connoba
714 2571 778 2637 dux
796 2569 925 2660 quidam
944 2570 1104 2634 latronum
1124 2571 1155 2635 in
1171 2571 1238 2637 eius
1257 2584 1399 2663 potesta·

333 2698 397 2751 tem
429 2698 574 2764 venerat,
608 2684 693 2749 hunc
711 2683 844 2772 quidem
863 2682 983 2747 salvum
1006 2681 1144 2762 dimisit,
1168 2707 1276 2750 rerum
1306 2685 1402 2751 sociis

334 2796 460 2863 eiusad
481 2820 580 2861 unum
604 2796 752 2882 omni-bns
773 2817 886 2860 manus
906 2795 1050 2860 abscindi
1068 2795 1173 2874 iussit,
1198 2820 1262 2888 qua
1282 2798 1406 2864 crude-1

335 2909 426 2975 litate
452 2933 469 2973 a
494 2908 621 2973 Valerio
643 2921 655 2958 ³
675 2909 707 2973 in
730 2932 839 2975 omnes
859 2909 1036 2998 transfugas
1058 2909 1315 2977 animadvertisse
1335 2924 1401 2976 tra·

235 3040 237 3044 ’
331 3019 438 3100 ditur,
463 3020 539 3087 dum
569 3022 773 3087 Frontinus*
801 3021 944 3086 dexteras
971 3033 1094 3088 tantum
1114 3045 1187 3088 eum
1207 3024 1400 3113 praecidisse

333 3135 479 3226 scripsit,
503 3133 632 3203 Orosius
661 3150 674 3186 ⁵
700 3135 839 3225 denique
864 3135 955 3200 nobis
978 3147 1090 3200 auctor
1109 3147 1155 3200 est
1175 3135 1237 3201 boc
1256 3161 1398 3204 exsecra·

333 3253 401 3319 bile
435 3250 558 3316 facinus
591 3249 702 3314 fecisse
731 3249 865 3315 Fabium
895 3230 1079 3328 consulem,
1112 3272 1212 3339 quum
1243 3251 1398 3342 oppidum

333 3365 483 3431 Bucciam
522 3363 598 3451 (sire
629 3362 793 3448 Bacciurn)
822 3361 986 3427 obsidione
1013 3362 1192 3443 liberasset,
1228 3387 1301 3430 eum
1332 3369 1400 3429 540

332 3476 530 3569 principibus
566 3497 677 3539 manus
712 3473 922 3565 praecidisse,
965 3496 1061 3564 quam
1098 3475 1214 3542 famam
1248 3475 1399 3567 equidem

333 3590 486 3683 praefero.
1369 3570 1372 3575 Ι

381 3703 441 3767 Hic
464 3700 554 3766 Fabii
576 3699 703 3765 fortuna
724 3699 882 3780 substitit,
907 3723 979 3764 nam
1001 3723 1099 3790 quum
1122 3713 1285 3768 strenuum
1305 3702 1401 3768 illum

334 3817 458 3883 hostem
493 3815 524 3878 in
561 3816 641 3878 urbe
673 3814 803 3879 Erisane
834 3794 1055 3903 oppugnabat,
1099 3826 1191 3880 nocte
1229 3816 1401 3906 eruptione

335 3932 418 3996 facta
452 3952 523 4006 eos,
557 3929 612 4018 qui
648 3928 762 3992 sallum
801 3926 978 4006 ducebant,
1011 3926 1132 4016 fugarit
1162 3928 1400 4018 exercitumque

335 4044 515 4109 Romanum
540 4052 723 4130 persecutus
753 4051 799 4104 est
829 4041 861 4104 in
893 4040 964 4106 loca
993 4053 1181 4131 praerupta,
1216 4041 1300 4107 unde
1331 4063 1398 4106 non

333 4158 496 4247 potuerint
525 4156 698 4263 effugere..
719 4152 788 4218 Nee
810 4165 915 4218 tamen
938 4153 1117 4234 Viriathus,
1141 4154 1227 4244 quod
1249 4166 1325 4219 tune
1349 4153 1401 4217 ia-

359 4424 636 4491 1tLiv.upit.1,111;
660 4425 727 4489 App.
749 4421 826 4490 Hesp.
846 4430 886 4477 68.
976 4425 995 4493 ²)
1014 4428 1076 4492 Peg.
1096 4433 1136 4479 40.
1225 4423 1299 4493 ⁵)11.
1319 4427 1343 4475 7.
1365 4428 1407 4474 ll.

224 4496 233 4513 ⁸
323 4511 343 4581 ⁴)
362 4509 439 4561 saar.
458 4512 508 4563 1v.
529 4517 539 4560 1
560 4512 573 4576 p
592 4517 633 4560 42.
704 4507 776 4576 nv.
797 4516 820 4560 4.
1215 4532 1219 4541 ι
