3210 5300
142 4609 158 4649 θ

431 446 452 528 5
476 448 522 509 17.
545 463 681 507 ramerus
701 463 838 508 sanares.
859 447 881 528 5
904 447 950 509 18.
972 465 1058 509 uons.
1221 450 1282 513 285

211 644 360 709 virtutem
391 643 517 732 insigni*
536 645 726 733 cognomine
756 657 836 710 esset
866 657 1008 721 ornatus3
1043 645 1160 733 posteri
1184 643 1280 710 liuius

211 755 343 821 honoris
363 754 525 822 historiam
545 779 610 821 non
632 769 802 839 auxerunt,
826 780 935 823 rerum
957 756 1106 822 nonnihil
1126 781 1163 823 er
1185 782 1223 823 eo
1244 762 1277 823 in

210 869 434 958 praecedentes
459 871 697 936 transtulerunt.

434 1055 452 1137 §
479 1056 530 1119 17.
577 1054 744 1143 Princeps
767 1051 911 1118 Senatus
936 1057 1000 1118 455
1027 1063 1051 1117 ¹.

256 1206 401 1273 Vidimus
430 1208 492 1274 hoe
523 1232 653 1300 quoque
685 1210 773 1298 genti
804 1209 921 1275 Fabiae
956 1220 1178 1276 ornamentum
1211 1231 1278 1275 esse

211 1320 372 1405 habiturn,
398 1321 481 1411 quod
513 1345 550 1387 ex
578 1323 713 1407 illatres
733 1323 879 1387 continui
898 1323 1057 1412 principes
1078 1334 1203 1389 senatus
1221 1345 1278 1388 er·

211 1434 358 1512 stiterint,
377 1436 546 1502 Rullianus
564 1448 672 1501 noster
690 1437 823 1527 eiusque
839 1449 930 1525 pater
946 1438 1018 1525 (13)
1037 1448 1069 1501 et
1087 1436 1172 1501 tilius
1194 1435 1277 1524 (23).

212 1547 355 1636 Adeptus
377 1561 424 1614 est
444 1548 529 1614 lruno
547 1549 701 1616 honorem
722 1561 795 1639 post
821 1572 1003 1628 censuram,
1027 1573 1101 1639 erqo
1131 1549 1278 1638 sequenti

209 1661 326 1738 lustro,
347 1660 380 1726 id
401 1674 448 1727 est
479 1685 563 1728 anno
586 1668 659 1729 455.
708 1661 835 1745 Quoties
865 1664 1013 1752 princeps
1041 1663 1143 1727 lectus
1165 1662 1275 1739 fuerit,

209 1774 382 1852 nescimus,
406 1775 460 1841 sed
479 1776 563 1841 male
582 1776 757 1842 coniiciont
781 1776 895 1864 septies
921 1775 1003 1840 illud
1033 1774 1202 1854 accidisse;
1228 1774 1279 1839 bis

209 1887 259 1952 rel
271 1899 319 1951 ter
339 1887 543 1967 crediderim,
563 1912 646 1954 anno
666 1892 731 1953 462
753 1889 863 1954 saltem
883 1889 957 1954 sirit
975 1888 1098 1967 adhue,
1123 1909 1183 1952 nec
1202 1909 1277 1951 rero

209 2000 278 2065 eius
308 2002 394 2067 filius
424 2003 529 2068 statim
560 2000 593 2067 iri
621 2002 721 2068 nostri
748 2003 856 2068 locum
884 2003 1049 2079 suecessit,
1082 2016 1119 2068 ut
1145 2012 1274 2090 supra²

209 2111 330 2178 dictum
356 2126 410 2178 est.

612 2274 629 2357 §
653 2274 702 2338 18.
751 2272 858 2337 Mors.

254 2454 291 2516 ln
304 2452 446 2517 Rulliani
459 2452 516 2516 tilii
528 2453 697 2519 consulatu
709 2453 813 2518 dicam
825 2462 849 2530 ³,
865 2476 929 2543 quo
942 2452 1039 2517 modo
1050 2465 1142 2542 pater
1150 2468 1276 2542 praesto
1378 2454 1380 2457 ’

210 2565 306 2631 fuerit
334 2566 397 2643 illi,
432 2588 531 2655 quum
561 2567 646 2632 rnalo
673 2578 885 2658 pugnarerat3
910 2577 1050 2655 superest
1073 2579 1213 2645 tantum,
1239 2581 1277 2632 ut

209 2678 249 2743 de
280 2679 347 2743 eius
376 2691 477 2744 morte
506 2702 663 2746 moneam.
710 2680 895 2770 lquoramus
919 2703 984 2770 quo
1003 2702 1086 2745 anno
1109 2680 1276 2757 acciderit,

208 2804 240 2855 et
266 2792 405 2857 innotuit
434 2794 559 2858 nonnisi
590 2794 677 2883 quod
706 2793 845 2883 populus
872 2793 1005 2858 ferturt
1039 2805 1162 2859 tantum
1196 2795 1276 2860 aeris

208 2905 394 2983 contulisse,
420 2917 454 2969 ut
473 2905 548 2970 inde
577 2907 662 2971 lilius
682 2907 922 2972 viscerationem
952 2919 984 2971 et
1012 2907 1123 2997 epulas
1146 2907 1277 2997 publice

207 3017 306 3083 daret.
357 3017 505 3083 Attamen
525 3018 610 3084 haud
633 3020 700 3085 scio
719 3044 759 3085 an
780 3021 937 3086 levissima
950 3020 1085 3084 Victoris
1104 3022 1273 3086 auctoritas

206 3131 359 3222 praeferri
386 3132 485 3220 possit
513 3154 588 3220 prae
616 3131 804 3210 Plutarcho,
839 3132 894 3226 qui
923 3133 956 3197 in
979 3131 1019 3215 Q.
1037 3133 1129 3197 Fabii
1150 3133 1278 3199 Maximi

210 3242 411 3310 Cunctatoris
433 3244 496 3308 rita
516 3243 724 3309 describenda
745 3246 843 3311 linem
870 3260 882 3296 ⁵
911 3246 1032 3310 faciens
1057 3247 1188 3312 eandem
1210 3269 1278 3311 rern

209 3356 356 3435 tradidit,
378 3357 534 3447 populum
564 3369 674 3448 sponte
703 3359 874 3423 contulisse
902 3371 1065 3449 tamquam
1084 3359 1124 3423 ad
1154 3371 1277 3448 patrem

208 3468 444 3559 sepeliendum;
466 3470 570 3535 obstat
591 3471 722 3561 quidem
744 3471 820 3536 huie
839 3472 1037 3550 testimonio,
1062 3472 1146 3562 quod
1168 3472 1276 3537 Livius

209 3605 249 3647 ne
277 3582 408 3648 verbum
436 3581 533 3647 habet
553 3583 594 3648 de
613 3583 671 3649 hac
692 3607 744 3662 re,
766 3584 822 3649 ubi
843 3583 1044 3650 Cunctatoris
1064 3596 1198 3649 mortem
1219 3583 1277 3648 de·

209 3695 317 3761 scribit
338 3706 363 3762 ⁰.
411 3695 502 3761 Hanc
533 3697 751 3786 quaestionem
782 3720 847 3762 non
870 3697 990 3762 dirimit
1011 3697 1128 3761 Valerii
1148 3696 1277 3762 Maximi

208 3808 298 3872 locus
317 3821 341 3886 ⁷,
365 3832 438 3874 nam
466 3809 553 3899 quod
571 3810 734 3898 subiungit
765 3809 801 3892 Q.
824 3810 959 3874 Fabium
980 3809 1153 3875 Maximum
1181 3809 1276 3874 illurn

210 3923 352 4011 quinque
379 3924 597 3989 consulatibus
627 3924 806 3988 salutariter
826 3922 1022 4012 reipublicae
1052 3921 1277 3986 administratis

209 4032 394 4113 decessisse,
413 4035 498 4101 cadit
516 4037 549 4101 in
568 4051 742 4127 utrumque
753 4035 902 4113 Fabium,
920 4047 952 4100 et
974 4047 1096 4101 certam
1113 4035 1171 4099 riri
1190 4033 1277 4099 docti
1309 4024 1314 4032 ¹

210 4147 271 4211 utri
290 4148 347 4212 ille
365 4149 454 4213 locus
477 4148 643 4214 tribuatur.
677 4149 836 4240 Equidem
859 4148 1021 4215 Plutarchi
1043 4148 1277 4225 testimouium,

237 4341 257 4406 ¹)
275 4344 342 4394 Ptin.
370 4343 458 4394 H.N.
486 4346 548 4394 VII.
576 4351 618 4395 41.
706 4343 726 4412 ²)
744 4345 782 4396 cf.
810 4347 868 4395 Lib.
894 4348 931 4396 ΙΙ.
958 4346 1019 4411 Cap.
1043 4360 1061 4396 v
1080 4347 1095 4408 ξ
1113 4350 1142 4408 8,
1170 4361 1195 4410 p.
1226 4348 1283 4393 118.

204 4423 224 4490 ³)
242 4426 280 4477 Cs.
307 4428 368 4493 Cap.
394 4445 414 4479 11
434 4432 482 4492 §3
510 4431 583 4479 huius
609 4431 692 4491 Libri,
720 4447 743 4495 p.
772 4435 830 4479 289.
914 4427 935 4499 ⁴)
953 4431 1017 4483 Aur.
1045 4431 1111 4485 Viot.
1140 4425 1215 4480 V.I.
1241 4434 1285 4478 32.

206 4508 225 4577 ⁵)
242 4512 303 4578 Cep.
323 4517 364 4563 27.
427 4512 449 4581 5)
465 4513 555 4564 XXX.
574 4518 615 4564 26.
686 4514 706 4582 7)
724 4517 759 4568 V.
775 4520 799 4564 2.
818 4519 844 4566 3.
