3194 5302
559 427 581 508 1
602 428 632 489 3.
653 444 730 489 mnu
752 444 884 493 11111111.
1216 436 1253 497 15

183 633 314 704 reniero.
365 630 450 715 Quor
477 628 622 721 duplices
650 629 827 701 sacerdotes
853 642 889 697 nt
918 629 1137 700 Romanorum
1165 635 1248 701 enti-

183 746 285 837 quarii
305 744 499 835 explicarent
509 794 518 825 ,
538 742 601 809 huc
623 755 739 811 tractos
757 766 823 811 1111
839 744 999 835 geminos,
1017 768 1082 812 non
1098 758 1145 815 ert
1161 747 1248 837 quod

182 861 356 936 miremur,
382 880 519 949 quorum
547 855 697 927 historiae
727 857 834 925 locum
859 857 960 925 elium
978 858 1032 924 alii
1053 859 1250 939 offerebant,

182 973 227 1041 sic
254 971 371 1041 Fabius
403 972 459 1039 uni
487 969 643 1060 alterique
670 970 797 1041 odditus
828 983 893 1049 est,
921 994 1046 1038 necnon
1075 972 1151 1064 lupo
1174 995 1249 1040 cum

181 1086 314 1175 geminis
335 1084 473 1155 nominis
490 1106 593 1153 caneo.
1146 1095 1148 1100 '

226 1198 363 1267 Fabium
378 1195 549 1287 quemdam
570 1195 788 1287 Lupercorum
808 1195 923 1265 docem
942 1196 1058 1277 luisse,
1082 1220 1147 1288 quo
1167 1211 1250 1265 tem-

181 1335 258 1404 pore
277 1309 359 1379 ulter
378 1308 457 1377 ordo
477 1308 626 1386 11111111,
646 1331 740 1379 nemo
758 1308 904 1400 negabit,
930 1309 1079 1401 princeps
1098 1310 1160 1375 fuit
1178 1311 1251 1389 ille,

183 1426 314 1515 opinor,
357 1424 489 1513 eiusque
527 1445 644 1489 nomen
677 1421 819 1489 edheerit
848 1421 896 1488 his
927 1421 1163 1502 cacerdotibus,
1199 1424 1251 1489 rel

183 1560 284 1627 quum
303 1536 378 1603 ulii¹
401 1535 525 1605 nobiles
543 1537 674 1603 iuvenco
693 1534 870 1603 sacerdotio
885 1534 1106 1625 fungerentur.
1139 1533 1252 1627 Surpi-

182 1673 238 1720 cor
265 1672 426 1717 mororum
453 1651 551 1717 ritum
579 1661 657 1715 tuuc
686 1648 856 1738 paululum
886 1646 1018 1715 lortoese
1046 1649 1251 1716 immutatum

183 1764 393 1833 constitutum
412 1786 496 1843 erre,
518 1785 617 1853 quum
637 1762 750 1853 populi
771 1761 820 1830 illi
839 1761 983 1829 inunum
995 1761 1252 1841 semiscuerunt,

184 1877 248 1945 cive
272 1876 335 1945 hoo
359 1877 486 1943 devicto
512 1877 602 1944 Tatio
627 1875 795 1953 occiderit,
819 1875 884 1942 rire
910 1874 972 1942 alio
996 1887 1152 1965 tempore.

230 1988 367 2073 Quinum
388 2013 462 2057 vero
481 1989 598 2057 Fabius
618 1989 674 2055 ille
691 1989 813 2079 primus
833 1988 996 2079 Lupercus
1015 1987 1131 2066 luerit,
1160 1988 1253 2079 igno-

184 2123 307 2178 ramus,
327 2099 381 2165 sed
394 2098 729 2179 felliturlledericht,
750 2100 806 2190 qui
827 2099 922 2167 illum
933 2099 1151 2190 Lupercorum
1164 2101 1253 2191 prio-

184 2215 286 2305 cipem
313 2235 349 2281 ec
374 2224 547 2302 patronum
571 2211 720 2281 hebuerit
745 2234 835 2291 enm,
859 2212 988 2302 dequo
1013 2212 1220 2302 Propertius³

275 2325 395 2395 »unde
417 2325 517 2395 licens
541 2324 658 2393 llobius
683 2347 768 2393 socru
793 2323 958 2415 Lupercus
981 2324 1116 2403 hubet”;

184 2441 239 2509 ubi
265 2439 379 2530 procul
411 2438 511 2507 dubio
542 2437 744 2526 intelligendi
764 2450 837 2506 sunt
856 2436 948 2505 Fabii
966 2437 1105 2528 Luperci
1124 2437 1252 2504 unirer·

186 2577 236 2630 se,
272 2576 337 2621 noo
364 2552 487 2642 primus
515 2551 578 2620 illc.
626 2549 719 2634 Quod
748 2549 888 2641 denique
912 2550 1052 2640 primum
1079 2550 1254 2619 antistitem

185 2689 292 2734 rerem
311 2665 459 2734 Herculio
479 2664 583 2731 filium
602 2664 695 2730 illum
715 2664 849 2733 Fabium
869 2663 966 2731 fuisse
995 2662 1181 2743 crediderit,
1214 2664 1255 2733 de

186 2804 224 2846 eo
243 2790 336 2847 acute
354 2778 508 2845 iudicarit
529 2777 656 2845 Tullius
673 2790 686 2831 t
708 2777 765 2845 ubi
787 2775 879 2845 dicit:
925 2776 1112 2845 »Nonnulli
1132 2777 1255 2844 fuciunt

186 2893 353 2984 imperite,
387 2892 443 2982 qui
472 2914 535 2959 non
567 2903 602 2959 ut
632 2902 780 2980 epoeto,
811 2890 865 2959 ted
891 2902 927 2957 ut
950 2913 968 2955 1
989 2902 1069 2957 teste
1090 2889 1255 2956 veritatem

187 3004 327 3094 exigent,
351 3024 411 3071 nec
430 3000 544 3071 dubito
565 3002 643 3092 quin
661 3002 758 3071 iidem
779 3014 903 3069 etcum
923 3001 1036 3091 Egeria
1057 3002 1255 3069 collocutum

187 3116 340 3195 Numam,
364 3128 396 3181 et
417 3113 458 3182 ob
478 3116 586 3206 equile
596 3113 771 3205 Tarquinio
782 3117 905 3206 opieem
916 3115 1100 3205 impositum
1111 3121 1256 3206 putent.''

526 3299 543 3382 §
571 3300 599 3361 lt.
649 3295 771 3362 Triduo
795 3297 910 3365 Fadio.

235 3454 367 3525 Constet
394 3476 431 3523 ex
458 3454 551 3522 Fabii
578 3455 713 3525 Pictoris
739 3456 920 3525 testimonio
944 3477 1054 3545 ugrum
1074 3454 1257 3523 Romanum

189 3595 206 3637 1
236 3591 309 3658 rege
338 3566 448 3636 Servio
479 3567 614 3639 divisum
646 3592 712 3639 esre
736 3570 971 3648 ineuntibus,
995 3568 1114 3659 quibus
1137 3593 1257 3636 nomen

190 3681 314 3751 dedisse
342 3680 491 3751 ridentur
509 3694 566 3750 1111
588 3681 652 3751 loci
671 3704 752 3772 quos
771 3683 1083 3774 complectebantur,
1108 3695 1162 3749 out
1178 3707 1257 3774 gen·

190 3808 254 3873 tes,
278 3817 412 3885 querum
435 3807 536 3865 terrae
557 3794 637 3863 adeo
657 3795 824 3885 potebant.
858 3795 926 3862 Nec
946 3796 1074 3863 obstant
1091 3795 1167 3862 huic
1187 3800 1259 3889 opi·

190 3908 293 3985 nioni,
327 3907 414 3997 quod
443 3932 544 3999 peuce
563 3907 721 3998 quaedam
742 3908 892 4001 explicari
912 3921 1094 3999 nequeunt,
1117 3933 1190 3975 nem
1212 3912 1257 3978 rei

191 4032 303 4086 nature
324 4020 588 4113 Athenarumquc
608 4023 788 4113 exemplum
808 4046 875 4089 rem
896 4023 1083 4089 conficiunt.

238 4131 384 4201 Occurrit
412 4135 512 4202 Fabia
544 4137 644 4202 tribus
673 4138 818 4203 1111120
839 4138 980 4203 tribuum
1005 4139 1151 4218 nomino,
1176 4160 1259 4229 quoe

221 4430 327 4497 111111
349 4429 418 4483 caes.
437 4435 484 4490 613
502 4429 555 4481 cre.
573 4427 640 4481 Pttt.
659 4431 815 4494 mutter,
830 4448 858 4498 p.
873 4428 937 4481 Cael.
950 4434 1057 4495 nter.
1117 4430 1137 4501 2)
1155 4449 1179 4498 p.
1202 4438 1258 4485 147.

190 4513 279 4583 ³)1v.
300 4521 321 4565 1.
340 4521 381 4566 11.
453 4511 746 4582 11111111111.
