3154 5294
338 462 377 522 98
419 481 447 523 u.
459 480 562 525 rrnrus
574 482 604 524 u.
617 482 644 524 r.
655 481 683 532 o.
695 481 725 526 n.
736 480 886 526 runosrus
897 464 972 547 (10).
994 465 1055 548 §L
1073 466 1343 530 rnrn.u1n.1.348.

341 656 465 728 etiamsi
492 680 557 724 nou
588 658 694 724 omnia
723 678 891 748 possumus
919 659 1100 739 restituere,
1134 671 1241 727 tamen
1269 659 1402 726 meliore
1478 704 1481 709 -

341 771 486 841 adbibita
497 772 756 862 interpunctione
766 772 812 837 sie
826 784 899 837 sunt
910 771 1107 840 dioseeuudaa
1117 774 1261 862 Λεύκιον)
1277 776 1406 841 Oborti-

339 908 418 966 oroo‚
442 877 543 949 Αὖλον
559 883 595 971 [,]
609 883 776 959 Μάλλιον,
790 885 922 950 Λούκιον
941 885 1026 975 [καὶ]
1049 887 1239 966 Ποστούμιον
1252 885 1407 972 (Φούριον,

341 1009 377 1062 ut
401 994 518 1063 evincit
542 995 681 1063 Lirius1
707 1007 741 1061 et
762 995 946 1063 Macrobius
966 1009 992 1066 ².

387 1109 485 1175 Porro
511 1109 646 1198 legimus
667 1110 731 1177 alio'
750 1111 824 1176 loeo
846 1120 858 1158 ⁸
880 1110 1028 1176 Μάλλιον
1048 1110 1184 1190 Φάβιον,
1208 1111 1294 1201 quod
1314 1135 1408 1202 prue-

339 1246 457 1293 uomen
489 1223 574 1314 apud
602 1224 725 1291 nullam
753 1236 882 1313 gentem
910 1247 950 1290 ne
980 1223 1066 1315 apud
1089 1235 1232 1289 nostram
1255 1227 1409 1304 occurrit,

344 1337 465 1427 quippe
497 1336 584 1426 quod
612 1337 716 1427 ipsum
738 1338 863 1426 ¹gentile
890 1350 937 1403 est
945 1387 954 1417 ,
987 1338 1068 1403 forte
1093 1338 1332 1420 rescribendum
1349 1339 1411 1406 erit

342 1449 490 1514 Μάλλιον
514 1444 648 1516 Αὖλον.
767 1453 768 1457 ’

392 1559 547 1651 Sequenti
568 1585 651 1628 anno
670 1575 683 1613 4
703 1560 814 1629 itidem
833 1562 952 1641 Φάβιος
965 1563 1090 1640 ”Asilos
1106 1563 1283 1643 iuvenitur,
1300 1587 1337 1629 ex
1349 1587 1413 1654 qua

345 1673 466 1740 familia
493 1675 602 1740 nullus
630 1698 782 1766 umquam
803 1675 920 1742 Fabius
944 1677 1078 1755 exstitit,
1103 1690 1275 1768 utrumque
1294 1678 1414 1767 gentile

344 1809 463 1853 nornen
491 1788 727 1854 emendandum
759 1788 901 1868 ridetur,
934 1813 1007 1855 nam
1029 1791 1138 1857 nullus
1160 1791 1276 1857 Fabius
1300 1791 1416 1858 saltem

277 1880 280 1883 ¹
347 1888 512 1968 tribunatu
533 1902 662 1969 iuuetus
681 1914 728 1968 est
749 1901 811 1969 hoo
831 1926 927 1970 anuo.

391 2012 525 2083 Diodori
553 2014 626 2083 lasti
656 2014 803 2083 secundis
829 2017 913 2082 euris
939 2016 1079 2082 rirorum
1106 2016 1274 2083 doctorum
1301 2016 1416 2083 admo-

346 2125 427 2192 dum
447 2125 592 2217 iudigeut
614 2126 736 2206 adhue,
760 2125 839 2192 bueo
859 2127 1030 2194 Fabiorum
1053 2149 1146 2194 eausa
1164 2128 1325 2194 monuisse
1346 2127 1418 2192 sul-

346 2238 455 2319 lioiut,
479 2261 527 2307 ,ue
554 2262 614 2330 ego
641 2258 771 2330 quoque
795 2238 883 2305 buno
903 2239 1012 2306 locum
1031 2240 1242 2331 negligentius
1262 2240 1419 2308 udminis-

342 2363 447 2431 rtrusae
471 2352 597 2432 ridear,
618 2352 705 2443 quod
723 2353 763 2419 ad
783 2364 924 2419 nostram
944 2365 1072 2443 gentem
1092 2355 1222 2420 attiuut'

755 2675 937 2751 CAPUT
968 2678 1017 2751 H.

462 2848 629 2929 nourrius
651 2852 771 2900 ruerus
796 2853 830 2899 rr.
854 2854 884 2901 r.
908 2855 938 2914 o.
964 2854 995 2903 u.
1020 2855 1189 2903 sunusrus
1215 2836 1297 2926 (10).
1333 2860 1335 2865 ’

586 2990 604 3073 §
632 2993 658 3052 l.
708 2987 740 3052 T
737 2948 873 3053 ribubus
897 2990 1039 3054 militum
1064 2987 1087 3054 l.
1114 2992 1189 3056 348.

536 3125 571 3173 Ν.
591 3124 720 3175 FABIUS
734 3129 773 3177 M,
791 3128 821 3177 F.
841 3129 870 3186 Q.
890 3129 924 3178 Ν.
941 3127 1130 3175 AMBUSFUS
1144 3122 1162 3175 ⁵.

535 3210 564 3260 L.
587 3211 763 3259 VALERIUS
776 3214 806 3261 L.
826 3213 854 3262 F.
874 3214 905 3260 P.
924 3213 960 3278 Ν.
979 3212 1130 3260 POTITUS
1145 3212 1182 3261 ΙΙ.

535 3296 560 3344 Ρ.
577 3293 735 3355 CORNELIUS
753 3298 783 3346 n.
801 3298 826 3346 F.
843 3299 870 3347 L.
891 3298 917 3346 N.
936 3296 1081 3345 RUYILUS
1096 3294 1230 3346 UOSSUS.

534 3380 578 3430 GN.
596 3380 752 3433 uetustius
771 3383 796 3432 Ρ.
814 3382 840 3433 F.
857 3383 884 3432 l.
901 3382 930 3432 N.
951 3380 1084 3431 COSSUS.

401 3495 610 3559 Transeamus
631 3493 670 3559 ad
691 3494 881 3562 Numerium
894 3493 1160 3579 Quintilratreru,
1177 3494 1427 3586 ineuiusprae-

351 3607 493 3673 nomine
512 3604 591 3696 quid
618 3606 697 3673 alios
728 3608 879 3674 fefellerit
901 3631 966 3674 noo
986 3628 1172 3698 reooquam‚
1194 3630 1300 3674 meam
1321 3608 1430 3674 ratio-

353 3743 427 3786 nem
448 3720 534 3785 Fasti
555 3718 745 3788 defendunt.

400 3834 516 3898 Veiens
533 3833 656 3900 bellum
676 3843 689 3882 ⁸
716 3847 905 3930 motumest
922 3835 964 3901 ob
984 3835 1154 3926 superbum
1171 3832 1353 3900 Veientium
1371 3855 1432 3898 se·

353 3954 446 4013 natus
465 3970 668 4037 responsum,
692 3949 778 4038 quod
799 3949 867 4015 iure
887 3962 991 4040 patres
1012 3971 1103 4037 aegre
1121 3947 1280 4025 tulerunt,
1304 3940 1432 4037 quibus
1517 4028 1521 4034 Δ

353 4061 493 4151 placuit,
514 4072 551 4125 ut
569 4060 689 4127 tribuni
705 4063 845 4128 militum
864 4063 905 4128 de
924 4061 1012 4127 bello
1026 4060 1109 4127 Veiis
1125 4058 1298 4126 indicendo
1313 4058 1429 4150 primo

357 4195 486 4264 quoque
497 4186 638 4262 tempore
648 4174 687 4239 ad
696 4176 853 4267 populum
864 4177 999 4254 ferrent,
1012 4173 1065 4240 sed
1077 4185 1206 4265 propter
1216 4174 1333 4239 molem
1345 4171 1432 4238 Vol-

386 4378 407 4446 1)
424 4380 474 4431 vr.
494 4385 516 4429 1.
569 4338 764 4444 ussurus.
817 4375 838 4445 ν)
855 4378 917 4429 xv.
935 4384 977 4430 ss.
1029 4377 1050 4443 ‘l
1068 4378 1130 4431 xv.
1150 4384 1191 4429 41.
1244 4375 1441 4446 orrnscap.

352 4468 379 4517 h.
398 4482 435 4524 λς
452 4465 510 4514 le.
525 4464 575 4512 IV·
592 4466 638 4522 583
653 4463 726 4514 Diod.
742 4463 792 4515 Sic.
808 4463 885 4516 XIV·
906 4470 950 4525 123
966 4466 1018 4516 An.
1033 4465 1096 4516 Nor.
1148 4460 1168 4529 ⁶)
1186 4464 1439 4526 LlV·IV.58—60;

344 4551 425 4602 ‚nisu
442 4548 493 4602 sie.
512 4547 588 4598 XIV.
609 4551 649 4597 16.
