3212 5294
288 432 293 443 ’
336 447 396 508 270
483 462 511 514 o.
534 456 735 504 merosus.
757 459 785 502 n.
807 459 834 503 u.
856 458 987 502 uixruos
1008 458 1171 503 nocerinus
1192 442 1266 525 (17).

339 641 431 706 Fabii
450 641 549 706 nostri
569 651 601 705 et
618 636 736 727 Papirii
756 635 902 714 historia,
922 654 1019 726 quam
1036 638 1252 729 arripuerunt,
1273 650 1308 704 ut
1329 661 1406 730 sup·

339 754 464 844 plerent
484 751 605 842 aliquid
627 749 740 816 saltem
762 748 1012 839 simplicissimae
1031 749 1079 814 illi
1097 749 1199 816 famae
1219 751 1407 842 antiquiori,

340 866 494 932 nolebant
520 889 592 931 eam
617 862 799 952 relinquere
824 864 991 940 intactam,
1019 860 1094 928 hinc
1123 864 1292 953 antiquum
1322 864 1407 930 obti-

339 991 431 1058 nent,
450 990 600 1069 repetunt
615 999 698 1068 qnae
718 976 788 1040 aliis
804 975 1001 1066 temporibus
1016 975 1166 1042 accidisse
1183 978 1407 1055 meminerant,

340 1104 372 1157 et
393 1093 437 1156 sio
452 1091 558 1157 eradit
576 1090 713 1156 dictator
731 1089 866 1154 Romam
885 1089 1049 1179 proiectus
1067 1091 1282 1181 auspiciorum
1301 1113 1408 1168 causa,

340 1204 402 1268 iam
436 1226 586 1293 agnoscas
619 1203 794 1291 Papirium,
830 1224 895 1292 quo
924 1201 1054 1268 absente
1086 1204 1234 1292 magister
1264 1204 1408 1293 equitum

339 1338 479 1406 pugnam
500 1314 688 1393 committit,
712 1312 765 1379 sed
787 1334 852 1377 non
881 1335 975 1378 ausus
1003 1313 1059 1378 ille
1089 1313 1155 1378 sine
1175 1313 1329 1379 dictatore
1347 1338 1409 1405 pu·

340 1452 436 1519 gnare
457 1428 558 1494 rictus
585 1451 651 1494 esse
673 1428 774 1493 fertur
801 1427 905 1492 bonus
934 1427 1084 1515 magister
1111 1428 1267 1517 equitum.
1324 1427 1410 1511 Quae

339 1542 446 1608 omnia
474 1563 532 1606 cur
560 1543 605 1605 ita
635 1539 827 1618 acciderint,
861 1540 1076 1629 auspiciorum
1106 1541 1187 1605 ratio
1212 1541 1343 1606 affertur
1370 1541 1410 1605 ab

340 1654 523 1722 historiolae
539 1655 667 1734 fictore,
693 1653 748 1718 sed
770 1652 893 1718 fallitur
912 1654 971 1717 iste
989 1653 1021 1716 in
1042 1675 1078 1718 ea
1097 1675 1146 1731 re,
1165 1653 1301 1742 imponit
1319 1653 1410 1718 nobis

340 1769 479 1860 auspicia
498 1791 564 1834 esse
584 1765 774 1857 repetenda,
805 1767 831 1830 si
859 1766 981 1831 bellum
1003 1788 1040 1832 es
1069 1765 1157 1831 bello
1176 1763 1354 1844 serebatur,
1377 1766 1409 1832 id

340 1896 387 1949 est
408 1883 434 1948 si
453 1904 518 1946 uno
536 1881 659 1972 populo
677 1879 804 1946 devicto
824 1879 864 1944 ad
884 1879 1017 1945 alterum
1036 1902 1069 1945 se
1090 1889 1226 1944 verteret
1248 1880 1411 1945 exercitus.

341 1994 424 2060 Vide
445 2017 542 2085 quam
561 2006 654 2059 caute
674 1992 859 2084 accipienda
881 1993 944 2057 sint
960 1992 1159 2083 antiquitatis
1176 1991 1308 2072 iodicia3
1327 1992 1411 2060 male

340 2108 401 2174 hoc
420 2109 559 2199 positum
580 2130 648 2173 esse
668 2130 764 2173 nemo
789 2106 905 2185 nescit,
929 2106 1081 2171 continno
1101 2118 1247 2172 sexcenta
1266 2106 1353 2172 bella
1373 2128 1410 2170 er

341 2221 435 2288 bellis
462 2221 591 2310 gessisse
617 2219 778 2286 Romanos
808 2218 952 2284 historici
971 2217 1115 2297 tradunt,
1134 2218 1225 2284 euius
1244 2220 1290 2283 rei
1312 2241 1411 2283 unum

341 2333 522 2426 exemplum
544 2332 620 2399 huic
647 2333 845 2398 simillimum
873 2332 984 2397 afferre
1002 2333 1089 2396 iurat
1109 2355 1147 2397 er
1165 2333 1308 2397 eiusdem
1329 2332 1411 2397 Rat-

286 2522 290 2529 .
339 2447 418 2514 liaui
432 2446 577 2513 historia:
597 2446 727 2511 tertium
742 2443 854 2510 consul
871 2445 903 2510 in
915 2443 1079 2510 Samnium
1092 2445 1255 2535 proiectus
1272 2457 1333 2523 est,
1355 2445 1411 2510 ubi

340 2560 459 2626 Marsos
482 2570 514 2624 et
543 2558 691 2649 Pelignos
720 2560 776 2649 qui
798 2558 981 2625 deiecerant
1002 2557 1151 2650 deinceps
1172 2559 1314 2649 subegit,
1337 2580 1410 2625 cum

340 2672 537 2738 Samnitibus
561 2672 628 2737 acie
651 2672 814 2737 dimicarit
822 2721 833 2752 ,
858 2682 937 2736 tunc
953 2694 1028 2737 rero
1048 2673 1162 2738 nuntio
1177 2685 1309 2764 accepto
1332 2674 1410 2740 Um-

342 2787 472 2850 brorum
496 2782 701 2864 defectionis,
725 2785 812 2849 iussu
841 2797 968 2850 senatus
998 2807 1160 2875 »propere
1189 2787 1222 2851 in
1244 2785 1410 2852 Umbriam

343 2897 517 2963 exercitum
536 2895 655 2975 duxid',
680 2897 867 2987 magnisque
889 2897 1057 2963 itineribus
1078 2896 1118 2962 ad
1139 2897 1317 2964 Mevaniam
1338 2921 1411 2989 per·

342 3008 436 3086 rexit,
455 3008 512 3074 ubi
531 3021 661 3099 repente
681 3010 825 3090 advenit3
843 3009 883 3076 de
898 3012 1011 3076 itinere
1031 3011 1165 3076 Romam
1192 3012 1238 3076 nil
1267 3011 1410 3089 tradunt,

345 3122 469 3189 etiamsi
492 3120 652 3188 diversum
676 3123 798 3189 bellum
819 3136 887 3190 erat
911 3124 1158 3216 suscipiendum.

388 3236 433 3301 Ex
453 3258 518 3300 uno
537 3235 608 3301 ride
630 3260 726 3326 quam
751 3237 846 3303 facile
866 3238 1003 3304 alterum
1024 3238 1225 3304 mendacium
1246 3249 1408 3328 sequatur;

343 3349 441 3414 cladis
462 3350 594 3414 nuntius
611 3373 710 3439 quum
731 3350 852 3416 Romae
873 3350 1016 3429 advenit,
1041 3373 1174 3441 magnus
1193 3352 1293 3417 fertur
1313 3364 1412 3417 terror

343 3475 429 3528 ortus
446 3485 528 3541 esse,
547 3464 614 3528 imo
632 3464 789 3529 iustitium
806 3462 964 3529 indictum
982 3475 1029 3529 est
1048 3464 1089 3529 ab
1109 3463 1265 3530 historicis
1281 3484 1410 3556 nempe,

342 3575 406 3640 acsi
417 3572 523 3640 hostes
533 3571 573 3639 ad
588 3586 694 3664 portas
714 3587 848 3654 starent,
867 3576 1035 3666 inquibus
1055 3576 1219 3643 custodiae
1239 3589 1271 3643 et
1288 3578 1411 3668 vigiliae

342 3687 470 3753 vicatim
490 3698 618 3752 exactae
637 3685 817 3767 traduntur,
833 3712 920 3755 orma
938 3699 971 3755 et
991 3691 1055 3756 tela
1072 3691 1107 3755 in
1126 3712 1234 3756 moros
1249 3703 1409 3781 congesta,

343 3824 452 3866 omnes
468 3800 607 3866 iuniores
624 3814 822 3868 sacramento
842 3801 1016 3892 adiguntur
1034 3815 1065 3869 et
1083 3802 1121 3868 ad
1142 3804 1315 3870 exercitum
1336 3804 1411 3870 mit-

343 3925 471 3994 tuntur3
496 3936 577 4005 quae
605 3915 713 3981 omnia
738 3916 779 3982 de
806 3939 895 3982 more
920 3928 951 3983 et
971 3917 1130 3982 constanti
1151 3918 1295 4007 analogia
1319 3916 1411 3982 facile

342 4039 489 4116 poteraut
509 4029 669 4118 suppleri,
685 4029 743 4094 ubi
762 4030 859 4095 semel
876 4029 1113 4121 scripserantsd
1129 4028 1321 4095 dictatorem
1338 4053 1410 4122 per·

343 4152 473 4204 rentum
492 4162 569 4206 esse.
619 4141 767 4232 Attamen
791 4142 963 4233 trepidatio
983 4144 1042 4209 ista
1062 4156 1095 4209 et
1113 4144 1239 4233 vigiliae
1257 4144 1291 4208 in
1312 4143 1410 4235 portis

343 4252 441 4318 fidem
470 4250 589 4318 habere
619 4269 752 4345 possunt
781 4257 814 4320 in
846 4256 1026 4347 antiquiore
1054 4255 1198 4337 historia,
1231 4278 1318 4322 nunc
1337 4278 1410 4323 rero

342 4364 430 4432 haud
448 4366 491 4430 ita
511 4366 654 4432 accidere
672 4368 794 4459 potnit,
817 4391 890 4434 nam
908 4370 941 4434 io
962 4370 1089 4436 Etruria
1104 4393 1153 4436 res
1171 4382 1238 4436 erat
1256 4368 1408 4459 gerenda,

344 4490 379 4544 ut
399 4478 459 4570 ipsi
480 4477 530 4543 illi
549 4479 688 4549 tradunt.
722 4484 759 4548 ln
779 4505 889 4572 agrum
908 4482 1117 4552 Rusellanum
1137 4506 1253 4573 nempe
1276 4480 1409 4550 Romani
