3194 5302
277 476 348 559 §lt
370 492 448 537 rnre.
471 489 532 534 ure.
554 471 596 533 11.
617 472 686 534 340.
718 471 740 554 l
761 472 789 534 l.
813 490 962 535 rsrsnnex
983 472 1127 558 {llos-341.
1198 472 1240 539 75

171 673 209 738 tis
228 670 385 763 Lirioqne
409 681 437 748 ¹,
464 668 551 760 quod
573 689 684 758 urgere
703 667 814 733 nolim.
846 666 973 735 Bellum
998 669 1147 737 adversus
1171 671 1234 736 Ae·

171 809 249 878 quos
278 784 373 875 gessit
398 782 599 860 Postumius,
623 781 680 872 qui
704 792 777 872 post
796 780 915 847 leviora
934 783 1055 872 proelia
1080 782 1238 875 oppidum

170 900 265 965 bulas
284 899 380 989 cepit.
416 895 472 962 Nil
491 894 668 988 quidquam
690 917 727 961 ex
748 894 907 961 manubiis
927 896 1084 963 militibus
1104 919 1237 964 eonces-

171 1013 225 1091 sit,
252 1010 375 1077 tribuni
403 1032 476 1077 rere
508 1031 617 1099 agrurn
645 1029 755 1074 reeens
780 1020 908 1099 captum
930 1008 1052 1100 populo
1077 1009 1239 1076 rindieere

169 1123 357 1217 cupiebant,
376 1123 452 1191 bine
472 1121 591 1190 inuidia
611 1121 696 1212 apud
708 1122 996 1202 militesererit,iu
1008 1144 1146 1214 quornm
1158 1145 1238 1189 cun·

169 1238 339 1305 tumaciam
359 1261 460 1329 quum
480 1236 582 1304 acrius
603 1236 738 1302 saeviret
757 1234 952 1315 Postumius,
975 1235 1137 1327 lapidibus
1162 1258 1235 1302 eum

169 1352 345 1418 obruerunt
371 1353 504 1419 eiusmet
528 1349 588 1441 ipsi
608 1349 726 1415 milites
746 1361 769 1414 ².
818 1347 1040 1432 Quaestionem
1069 1348 1109 1414 de
1131 1360 1236 1415 strues

168 1466 287 1533 tribuni
318 1488 395 1532 nece
424 1464 567 1531 decrerit
596 1475 742 1542 senatus,
775 1460 829 1527 sed
858 1484 959 1552 quum
985 1474 1091 1553 putres
1111 1474 1237 1528 metue·

169 1591 255 1659 rent,
288 1591 323 1644 ut
354 1577 492 1669 populus
522 1576 555 1641 in
586 1573 715 1641 comitia
750 1574 953 1652 conveniret,
986 1587 1018 1641 et
1046 1572 1238 1665 eligarchica

168 1691 222 1757 illa
241 1712 315 1782 pars
334 1687 532 1779 reipublicae
552 1686 699 1751 consules
718 1705 827 1751 creare
850 1685 977 1764 mallet,
1002 1708 1041 1753 eo
1066 1686 1238 1753 tenderunt

168 1816 288 1895 patres,
312 1801 397 1892 quod
420 1812 452 1866 et
473 1801 670 1866 factumest.

449 1996 467 2079 ς
493 1998 522 2060 4.
570 1993 731 2059 [πωπω
755 1995 901 2075 storeas
932 2005 955 2060 ³.

214 2165 371 2232 Videntur
390 2160 471 2227 mihi
490 2172 597 2250 patres
614 2160 800 2251 perfecisse,
831 2171 867 2224 ut
888 2159 1034 2226 eonsules
1058 2158 1090 2224 id
1112 2171 1158 2224 est
1179 2182 1237 2249 pa-

167 2280 248 2347 tricii
277 2277 477 2367 magistratus
506 2287 703 2352 crearentur,
737 2296 802 2338 uon
831 2272 949 2337 iniuria
977 2271 1136 2339 militibus
1164 2272 1236 2337 irati

167 2405 296 2484 propter
324 2389 479 2455 Postumii
505 2400 654 2454 mortem.
702 2385 811 2454 Tradit
833 2384 942 2452 Livius
961 2384 999 2469 Q.
1024 2384 1159 2451 Fabium
1181 2386 1238 2451 ui-

167 2507 320 2572 bulanum
342 2507 542 2592 interregem
563 2498 710 2566 babuisse
730 2500 874 2577 comitia,
894 2521 958 2589 qua
976 2498 1009 2563 in
1027 2520 1077 2577 re,
1101 2497 1162 2563 nisi
1178 2521 1238 2589 pru

170 2620 204 2704 Q.
233 2616 407 2708 legendum
437 2615 477 2680 sit
505 2612 562 2692 N,
595 2613 703 2679 Livius
726 2612 869 2692 lallitur3
900 2611 962 2677 sibi
993 2611 1094 2678 rnlnit
1123 2633 1240 2701 nempe

168 2732 202 2817 Q.
224 2731 422 2797 Vibulanum
444 2751 507 2793 non
527 2725 564 2810 Q.
589 2726 781 2793 Ambustum
795 2726 860 2815 (9),
877 2725 1059 2791 consulares
1077 2725 1162 2791 enim
1182 2737 1238 2789 eut

167 2843 331 2911 tribunicii
357 2839 450 2932 prodi
472 2838 618 2905 solebant
640 2838 824 2927 interreges.
875 2837 916 2901 At
938 2847 985 2901 est
1006 2850 1116 2902 contra
1143 2849 1237 2903 netu·

167 2982 233 3024 ram
254 2957 351 3022 buius
370 2954 530 3031 muneris,
552 2963 587 3016 ut
608 2973 690 3015 unus
708 2973 746 3016 ex
768 2949 904 3015 tribunis
922 2948 1112 3040 proderetur
1132 2963 1165 3016 et
1184 2972 1238 3015 ce·

166 3072 255 3136 mitia
285 3068 436 3146 baberet,
465 3065 583 3156 quibus
607 3075 693 3130 recte
723 3062 911 3153 praefuisset
942 3060 1029 3127 idern
1052 3062 1106 3128 ille
1132 3062 1236 3128 tribu·

168 3207 226 3250 nus
246 3182 323 3249 dum
344 3192 433 3248 esset.
467 3177 551 3263 Quid
571 3177 703 3242 sentiam
723 3175 764 3242 de
784 3175 844 3240 hac
866 3197 898 3240 re
918 3175 1015 3240 verbo
1033 3173 1156 3254 dicam,
1180 3175 1237 3240 Li-

170 3297 237 3361 vius
263 3291 343 3358 mihi
367 3291 492 3357 videtur
513 3287 628 3354 alicubi
656 3288 814 3352 inrenisse
844 3287 972 3352 comitia
998 3308 1065 3352 esse
1091 3284 1237 3355 babitus

168 3408 283 3486 Fabio,
302 3429 375 3472 narn
395 3414 464 3470 erat
485 3424 565 3467 unus
584 3402 625 3467 de
645 3401 798 3479 tribunis,
820 3422 917 3491 quem
935 3399 1019 3467 idem
1037 3400 1093 3466 ille
1113 3400 1237 3468 inducit

169 3518 335 3587 custodem
357 3517 563 3605 religienum,
584 3514 708 3604 legum,
729 3512 948 3592 comitiorum,
968 3525 1044 3593 eet,
1069 3513 1102 3579 id
1122 3526 1170 3582 est
1191 3516 1237 3581 ci·

169 3633 224 3700 rili
252 3643 343 3724 parte
373 3628 548 3695 consularis
576 3627 718 3693 muneris
747 3624 957 3716 fungebatur,
990 3625 1081 3717 atqui
1100 3628 1238 3694 consitiis

169 3745 326 3838 prnelnit,
347 3742 435 3834 quod
455 3764 555 3834 quum
577 3764 641 3806 non
661 3739 735 3805 satis
754 3739 876 3830 ubique
894 3738 1055 3817 distinxit,
1074 3740 1238 3808 eumdirit

169 3862 375 3949 interregem
393 3855 517 3947 saepius
537 3855 624 3921 enim
643 3853 789 3919 consules
807 3854 833 3919 si
849 3853 955 3920 denuc
969 3852 1162 3920 creabuntur
1177 3876 1236 3920 nee

171 3972 308 4051 tribuni,
348 3970 485 4035 interrex
520 3967 570 4033 rel
606 3966 744 4032 dictator
773 3966 903 4033 comitia
934 3963 1083 4031 habuisse
1115 3965 1237 4047 fertur,

171 4108 249 4177 quae
269 4083 509 4175 magistratuum
527 4080 663 4146 mutatio
679 4101 778 4169 quum
799 4077 861 4144 hcc
877 4100 1008 4169 queque
1026 4102 1111 4146 anne
1128 4080 1237 4147 locum

172 4197 315 4265 babuerit
325 4246 335 4277 ,
354 4197 491 4262 interrex
508 4192 583 4259 hinc
595 4204 685 4258 nutus
702 4192 914 4258 esseridetur.
962 4190 1070 4259 Potest
1086 4194 1171 4260 enirn
1192 4194 1236 4260 sic

199 4449 217 4515 ¹)
242 4452 301 4501 niv.
328 4450 377 4498 rv.
401 4452 450 4508 rs,
478 4450 525 4505 50;
551 4446 625 4498 Dior.
650 4445 700 4499 sie.
727 4445 805 4497 xm.
834 4449 874 4494 ra.
946 4437 968 4509 ²)
992 4441 1083 4495 zonae
1108 4445 1172 4498 vn.
1200 4452 1242 4498 so,

168 4530 186 4600 3)
202 4536 257 4586 Lir.
276 4535 325 4587 IV.
346 4537 387 4582 51.
