3154 5294
311 412 368 476 122
409 427 515 473 rumor
536 427 568 473 u.
590 428 618 472 r.
641 427 669 470 rr.
690 427 718 471 n.
741 424 893 470 aunusran
913 406 988 491 (20).
1009 407 1069 491 51.
1090 427 1282 472 ananrroan.

309 607 486 673 Kaesonem
512 604 601 693 (ll),
624 626 697 670 nam
718 601 827 669 Lirius
847 601 963 668 diserte
984 603 1126 671 Marcum
1145 600 1239 669 illum
1261 601 1369 670 Stolo·

309 724 358 788 nis
381 740 526 786 socerum
549 716 638 783 dixit.

355 832 452 899 Fabia
482 830 582 895 maior
610 839 709 917 nupta
737 839 804 894 erat
832 824 977 917 Sulpicio
1001 827 1067 892 riro
1088 827 1240 917 patricio,
1265 829 1372 896 minor

307 944 434 1013 Stoloni
454 943 570 1008 illustri
593 940 724 1031 quidem
745 939 799 1006 sed
819 939 956 1030 plebeio.
1004 939 1140 1007 Zonaras
1158 953 1268 1008 contra
1289 942 1371 1010 lilius

308 1057 517 1150 permutavit,
549 1054 676 1123 tradens
705 1055 857 1121 maiorem
888 1054 1013 1119 Licinio
1039 1055 1195 1121 minorem
1226 1053 1373 1148 Sulpieio

307 1184 461 1263 nuptam
483 1170 535 1237 cui
556 1170 731 1260 scripturae
749 1168 776 1234 si
795 1165 874 1234 lides
890 1179 996 1258 potest
1016 1166 1140 1246 baberi,
1162 1192 1220 1258 pro
1237 1167 1371 1237 Liuiano

306 1290 431 1365 maior,
461 1289 571 1351 moer
599 1281 772 1372 legendum
803 1281 863 1347 erit
890 1285 1013 1359 minor,
1041 1283 1170 1361 maior,
1185 1302 1268 1349 <nam
1291 1280 1373 1349 haee

308 1397 458 1464 conlusio
477 1395 676 1463 verisimilior
695 1416 792 1485 quam
812 1394 952 1461 Zonarae
968 1393 1106 1461 librariis
1124 1394 1208 1460 illud
1223 1394 1373 1462 tribucre.

308 1507 373 1576 Sed
399 1507 505 1575 obstat
526 1506 658 1572 fortasse
680 1504 755 1571 huic
775 1505 939 1596 opinioni,
962 1505 1049 1596 quod
1070 1528 1164 1573 causo
1193 1506 1293 1587 adsit,
1316 1532 1375 1576 eur

307 1621 409 1688 maior
436 1620 502 1686 filia
528 1617 664 1710 Sulpicii
690 1617 946 1698 exortandum,
969 1642 1043 1686 nam
1064 1620 1291 1711 Fabiaepater
1315 1625 1373 1689 tri·

307 1735 413 1802 burrus
435 1733 575 1801 militum
596 1732 657 1799 fuit
674 1735 757 1810 373,
781 1730 942 1823 Sulpicius
959 1732 1085 1822 (t.377)
1107 1732 1253 1824 collegae
1273 1735 1374 1803 liliam

306 1849 396 1915 duxit
417 1847 584 1924 maiorem,
607 1843 685 1911 dum
706 1845 803 1911 liliam
820 1844 976 1911 minorem
996 1846 1086 1912 duxit
1102 1846 1244 1915 Licinius
1259 1849 1372 1918 itidem

305 1972 410 2027 aetate
439 1982 503 2025 non
520 1957 615 2047 *adeo
640 1970 826 2049 provectus,
857 1959 979 2050 quippe
1004 1961 1095 2027 cuius
1113 1973 1206 2052 pater
1224 1962 1373 2029 tribunus

307 2073 369 2141 luit
392 2095 476 2141 enno
500 2075 579 2142 378.

350 2186 528 2253 Videbatur
553 2185 684 2276 quidam
712 2185 875 2252 nonnullis
903 2183 939 2253 G.
958 2185 1104 2253 Licinius
1126 2188 1197 2267 ille,
1222 2190 1371 2256 tribunus

306 2300 446 2369 rnilitum
458 2305 524 2368 378
545 2312 643 2390 atque
658 2322 742 2365 anno
757 2302 823 2365 389
842 2300 898 2389 qui
916 2299 1039 2390 primus
1057 2299 1097 2366 de
1111 2301 1210 2392 plebe
1225 2303 1373 2393 magister

306 2414 452 2504 equitum
472 2414 533 2479 luit
553 2424 633 2479 teste
653 2412 744 2479 Livio
767 2426 796 2490 ¹,
820 2411 904 2477 idem
922 2434 989 2477 esse
1009 2434 1046 2477 ac
1066 2411 1101 2478 G.
1120 2413 1262 2481 Licinius
1281 2414 1371 2483 Stolo

305 2528 507 2618 rogationum
527 2526 624 2605 lator,
649 2537 684 2589 ut
704 2521 894 2590 Plutarchus
915 2535 928 2574 ²
951 2524 1048 2590 tradit
1066 2547 1139 2591 eum
1158 2527 1210 2592 τὸν
1228 2527 1372 2607 ἡγεμόνα

305 2647 362 2715 τῆς
389 2639 529 2713 στάσεως
554 2638 675 2707 diceus.
723 2637 763 2703 lt
783 2636 870 2703 hunc
891 2634 959 2703 Gaii
978 2660 1174 2727 praenomen
1194 2638 1318 2705 induxit
1337 2641 1372 2706 in

306 2774 464 2829 errorem,
499 2751 636 2817 sienim
660 2750 775 2816 horum
803 2763 986 2841 temporum
1007 2750 1166 2817 uberrimo
1186 2753 1259 2818 testi
1278 2753 1373 2820 Lirin

305 2863 480 2942 oredimus,
510 2862 672 2952 legislator
696 2862 731 2929 0.
751 2863 893 2929 Licinius
915 2862 1063 2930 tribunus
1090 2864 1195 2954 plebis
1214 2865 1275 2930 luit
1295 2865 1373 2932 inde

307 2978 348 3044 ab
366 2999 450 3041 anno
469 2981 533 3043 377
556 2999 614 3066 per
633 2977 742 3067 plnres
763 3000 864 3042 annos
883 2977 973 3066 atqui
993 2975 1135 3042 diversus
1153 2989 1200 3043 est
1220 3001 1237 3043 a
1258 2977 1293 3045 0.
1314 2979 1373 3046 Li·

305 3090 407 3168 cinio,
440 3089 495 3179 qui
523 3111 606 3155 anno
627 3093 693 3158 378
714 3089 860 3156 tribunus
880 3089 1021 3156 rnilitum
1044 3089 1124 3169 luit}
1147 3089 1211 3156 dno
1231 3091 1281 3157 illi
1300 3115 1373 3158 ma-

304 3204 455 3295 gistratus
477 3203 543 3268 eius
567 3214 641 3268 sunt
661 3214 808 3281 naturae,
832 3214 867 3268 ut
890 3224 970 3267 unus
989 3225 1052 3267 non
1075 3203 1170 3268 simul
1187 3227 1242 3269 eos
1262 3226 1371 3294 gerere

305 3317 416 3409 possit.
468 3314 582 3405 Neque
617 3316 765 3382 conuenit
794 3315 910 3382 deinde
939 3339 1045 3382 rerum
1074 3319 1170 3385 statui
1197 3319 1273 3384 anni
1303 3321 1369 3384 389

306 3429 469 3520 legislator
501 3426 538 3495 G.
567 3427 708 3495 licinius
738 3430 888 3520 magister
917 3430 1061 3519 equitum
1094 3431 1161 3496 eius
1190 3431 1371 3510 dictatoris,

306 3543 364 3635 qui
381 3541 529 3609 adversus
546 3541 634 3608 istius
654 3543 836 3609 molitiones
854 3542 957 3608 dictus
972 3555 1056 3619 erat;
1075 3544 1202 3610 nonnisi
1217 3522 1371 3634 patricio-

306 3680 378 3723 rum
395 3679 550 3722 conamen
571 3655 713 3735 ridetur,
729 3668 766 3722 ut
785 3657 936 3747 magistro
953 3655 993 3722 de
1010 3656 1107 3748 plebe
1122 3656 1250 3725 tandem
1263 3669 1371 3724 creato

306 3769 541 3836 condonaretur
558 3769 681 3860 aliquid
701 3768 777 3835 huie
795 3769 908 3835 ordini.
963 3769 1026 3834 llus
1045 3769 1087 3834 ob
1107 3791 1216 3835 causas
1233 3770 1371 3837 eliorum

306 3883 494 3950 sententiam
515 3883 678 3974 amplexus
700 3881 813 3951 Culum
832 3882 1042 3973 legislatorem
1063 3905 1148 3973 pono
1165 3882 1369 3951 consulatum

306 3998 436 4087 gessisse
463 3996 538 4063 anni
568 3999 649 4076 390,
680 3996 795 4088 quiin
821 3997 921 4063 Fastis
949 3994 1017 4061 caii
1038 3996 1123 4062 lilius
1142 3996 1248 4063 Publii
1269 4020 1369 4089 nepos

305 4109 441 4200 legitur,
463 4108 553 4199 atqui
572 4107 675 4174 lilium
699 4131 773 4175 eum
794 4106 897 4175 babeo
917 4105 986 4174 Caii
1006 4107 1126 4177 tribuni
1138 4114 1219 4190 378,
1243 4109 1371 4180 etiamsi

972 4312 1059 4326 Μ

336 4458 482 4531 dmm
586 4454 753 4525 dmm
