3210 5300
411 426 432 509 p
453 428 481 488 4.
501 445 611 491 asason
632 427 701 492 524.
725 430 746 512 5
767 434 795 492 5.
816 449 927 497 enasor
945 434 989 506 ll.
1010 435 1079 499 526.
1219 438 1279 499 307

215 614 353 712 agrariae
371 646 487 715 nempe
505 626 654 695 restiterit
669 639 748 695 teste
767 625 920 695 Cicerone
928 668 947 707 ,-
961 630 1018 720 qui
1034 629 1158 701 inducit
1176 629 1274 698 caro-

213 758 287 807 nem
313 736 487 807 dicentem:
513 742 654 809 »necin
678 741 771 809 armis
790 743 906 809 Fabius
923 744 1149 834 praestantior,
1174 766 1274 835 quarn

212 848 245 915 io
276 862 364 940 toga,
396 854 508 921 consul
532 855 648 923 iterum
679 853 733 946 Sp.
758 852 896 921 Carvilio
922 857 1045 947 collega
1071 857 1273 948 quiescente,

215 958 251 1028 0.
280 964 436 1031 Flaminio
468 967 599 1033 tribuno
628 967 730 1058 plebis
760 969 865 1058 quoad
885 970 1006 1059 potnit,
1025 971 1141 1045 restitit
1161 992 1273 1060 agrum

212 1076 374 1145 Picentem
396 1091 428 1144 et
447 1079 755 1184 Gallicumoairitim
774 1093 885 1148 contra
906 1095 1031 1151 senatus
1051 1083 1273 1151 auctoritatem

212 1189 397 1263 dividenti.”
444 1193 636 1263 ddrersatnr
664 1207 770 1263 tamen
800 1195 876 1263 huie
905 1195 1034 1264 Catonis
1061 1196 1148 1263 dicto
1175 1195 1273 1283 Poly·

212 1302 283 1371 bius
306 1316 335 1383 ¹,
359 1307 415 1395 qui
436 1305 529 1375 docet
550 1308 680 1377 consule
700 1309 743 1377 Μ.
765 1309 902 1377 Aemilio
921 1309 1044 1401 Lepido
1067 1310 1101 1376 id
1120 1322 1168 1376 est
1187 1333 1271 1376 anno

212 1419 278 1483 522
298 1417 492 1487 Flaminium
512 1419 653 1486 divisisse
674 1442 795 1510 agrurn.
841 1421 948 1487 Potest
968 1434 1103 1512 utraque
1116 1422 1207 1487 :fama
1228 1421 1271 1489 sio

211 1530 380 1620 coniungi,
413 1544 449 1597 ut
473 1556 547 1600 eura
567 1532 719 1603 Fischero
738 1546 855 1601 statuas
876 1536 1006 1602 consule
1027 1534 1150 1626 Lepido
1169 1535 1273 1624 legem

209 1665 276 1711 esse
293 1643 391 1713 latam
411 1645 541 1735 quidem
562 1646 616 1713 sed
635 1668 719 1713 anuo
740 1651 805 1715 526
826 1646 955 1715 demum
971 1647 1125 1739 perlatam
1144 1658 1176 1714 et
1195 1657 1273 1715 tnnc

210 1755 346 1825 Fabium
368 1780 462 1849 quam
484 1759 620 1826 maxime
640 1761 797 1850 potuerit,
821 1762 969 1828 restitisse
988 1762 1148 1827 Flaminio
1165 1782 1274 1849 agrum

211 1867 376 1937 dividenti.
410 1870 559 1939 Attamen
579 1871 661 1939 hanc
680 1884 858 1939 contortam
878 1896 992 1964 sperno
1011 1872 1272 1964 explicationem,

210 1993 243 2051 ct
268 1983 373 2049 statim
397 1996 468 2072 post
488 1983 657 2051 Verrucosi
676 1984 841 2051 victoriam
861 1996 958 2076 atque
982 1985 1180 2076 triumphum
1198 1985 1274 2051 Fla·

207 2097 343 2165 minium
367 2118 457 2163 suam
485 2098 590 2187 legem
619 2097 730 2165 tulisse
755 2109 852 2187 atque
877 2098 1045 2187 pertulisse
1066 2096 1275 2177 crediderim3

208 2221 295 2276 reete
321 2211 407 2276 enim
434 2210 490 2277 ille
521 2223 723 2303 perspectum
753 2209 912 2290 habebat,
942 2223 1008 2276 tum
1033 2209 1163 2277 demum
1183 2208 1273 2277 bello

209 2321 374 2412 Ligustino
403 2324 500 2390 finem
528 2323 612 2402 fore,
644 2346 744 2414 quum
771 2346 845 2413 ager
869 2335 950 2389 esset
975 2323 1109 2402 divisus,
1133 2321 1220 2412 quod
1240 2333 1273 2391 et

207 2447 340 2503 erentes
363 2432 491 2513 docuit;
513 2435 558 2503 ita
579 2447 613 2501 ut
638 2435 821 2502 Tullianum
840 2435 962 2501 dictum
980 2436 1129 2526 respiciat
1146 2446 1272 2502 tantum

208 2562 353 2637 agrorum
377 2548 578 2627 divisionem,
601 2571 683 2639 qnae
701 2571 740 2615 er
760 2548 816 2615 illa
837 2549 906 2640 lege
925 2548 1125 2638 mouebatur.

253 2660 300 2727 lle
326 2660 419 2727 Fabii
445 2661 611 2727 consulatu
630 2682 732 2751 pauca
754 2661 909 2751 attingere
933 2661 1039 2740 lubet,
1054 2684 1133 2752 ‚qno
1156 2660 1270 2729 melius

207 2771 323 2843 horum
354 2786 532 2863 temporum
563 2785 714 2864 appareat
740 2775 831 2842 ratio.
879 2774 961 2841 cam
990 2774 1187 2842 Hasdrubale
1215 2774 1272 2865 qui

207 2887 242 2953 in
253 2886 405 2976 Hispania
425 2886 514 2953 felici
533 2909 680 2955 successu
699 2886 822 2955 bellum
841 2888 987 2978 gerebat,
1006 2888 1118 2955 foedus
1137 2901 1150 2938 ²
1171 2888 1273 2955 ictum

206 3011 270 3078 est,
298 3021 338 3065 ne
368 2999 501 3065 fluvium
530 2999 664 3067 Iberum
693 3000 772 3067 belli
797 3023 890 3067 eausa
918 3001 1074 3069 transiret.
1117 3000 1271 3070 Navalem

205 3114 271 3202 egit
296 3111 494 3201 triumphum
519 3111 559 3177 de
580 3112 697 3202 Illyriis
717 3113 890 3203 proconsul
912 3111 970 3181 (lo.
990 3115 1121 3180 Fulvius
1142 3122 1172 3194 ³,
1195 3117 1270 3206 qui·

207 3226 267 3292 bus
288 3226 412 3291 bellum
434 3226 561 3291 illatum
582 3238 649 3293 erat
672 3250 756 3292 anno
776 3240 860 3294 ante.
1029 3214 1031 3217 V

252 3328 409 3430 Sequitbr·
424 3351 460 3405 ut
480 3337 583 3407 dicam
606 3338 736 3406 deloco
757 3339 868 3406 Dionis
889 3351 917 3419 ⁴,
945 3363 1039 3430 quem
1057 3339 1192 3406 editores
1206 3340 1269 3405 mi·

205 3475 265 3519 nus
291 3465 377 3520 recte
402 3451 443 3518 ad
469 3452 608 3543 primurn
629 3452 721 3518 Fabii
742 3454 943 3519 consulatum
964 3452 1151 3518 retulerunt.
1197 3452 1268 3519 Hoc

205 3589 320 3657 nempe
341 3589 425 3632 anno
445 3565 567 3632 oraculi
580 3566 810 3633 auerruncandi
827 3589 934 3645 eausa,
959 3564 1045 3656 quod
1062 3564 1268 3655 portenderat

204 3678 358 3745 Romanis
377 3679 446 3745 fore
465 3693 501 3745 ut
521 3680 635 3746 Graeci
653 3692 685 3746 et
704 3680 789 3747 Galli
806 3681 928 3747 Urbem
947 3692 1107 3757 tenerent,
1130 3677 1268 3744 Romani

203 3792 238 3856 in
261 3792 344 3856 Foro
367 3793 481 3857 Roario
501 3792 585 3859 viros
611 3790 808 3859 defossorunt
830 3793 985 3859 Graecum
1002 3814 1039 3857 ac
1061 3791 1214 3858 Graecam
1232 3804 1265 3857 et

205 3903 340 3969 Gallum'
360 3927 396 3969 ao
419 3905 558 3983 Gallam,
580 3906 711 3971 miseros
731 3906 885 3996 captivos,
910 3906 1038 3997 opinor,
1062 3904 1118 3995 qui
1138 3904 1266 3972 sic‘Ur-

203 4014 278 4083 bcm
302 4026 462 4096 tenerent,
485 4031 520 4084 ut
541 4019 613 4085 fatis
636 4020 810 4087 satisfieret.
856 4017 916 4085 Itio
936 4019 1033 4085 tradit
1055 4029 1181 4084 tantum
1203 4017 1264 4084 hoo

203 4129 356 4196 accidisse
378 4129 428 4194 ἐπὶ
459 4128 579 4208 Φαβίου
605 4130 757 4209 Μαξίμου
781 4133 970 4212 Βερουκώσου
994 4132 1058 4208 ἤτοι
1080 4130 1265 4212 ἄκροχορδο·

195 4484 209 4521 ⁴
233 4398 254 4465 ¹)
270 4403 308 4453 11.
326 4409 356 4454 21
376 4404 390 4469 t
409 4408 433 4456 t.
476 4399 497 4470 ²)
514 4402 604 4470 Polyb.
621 4405 658 4457 ΙΙ.
679 4406 768 4471 1a§t.
811 4401 832 4473 ὅ)
849 4404 966 4456 uastat.
976 4405 1001 4467 ta.
1013 4420 1051 4464 a.;
1066 4404 1230 4471 uutropmt
1246 4408 1270 4453 4.

209 4485 279 4554 iFr.
298 4491 340 4539 tt.
1262 4500 1266 4509 ·

1041 4518 1127 4639 ,w
1224 4540 1227 4545 ,
