3212 5294
419 486 447 527 n.
471 485 572 529 rrnrns
592 483 694 528 ereren
717 464 792 548 (47).
813 468 835 550 ᾗ
856 470 882 530 1.
903 486 1032 532 nnnrns.
1203 468 1265 530 213

572 775 754 849 CAPUT
786 775 868 849 VII.

435 968 603 1019 nurrnrns
624 969 740 1018 remes
764 968 886 1017 rrcron
910 950 994 1039 (47).

570 1137 588 1220 5
616 1138 643 1200 1.
689 1134 860 1202 Nummus.

227 1334 405 1403 Dicendum
439 1349 486 1403 est
522 1336 562 1403 de
591 1334 748 1404 Numerio
774 1337 918 1413 Pictore,
941 1335 1008 1425 'qui
1036 1336 1163 1402 nonnisi
1188 1361 1246 1427 per

179 1447 347 1514 'denarium
376 1459 384 1497 ¹
412 1447 562 1513 innotuit.

227 1559 330 1650 Caput
359 1559 481 1627 Romae
509 1561 668 1650 galeatum
695 1582 769 1627 curn
796 1559 919 1626 denarii
938 1572 1028 1639 nota3
1052 1573 1126 1626 ante
1149 1575 1246 1653 caput

180 1674 212 1738 in
232 1673 424 1763 quibusdam
445 1673 570 1740 litterae
594 1672 814 1765 alphabetieae
832 1673 874 1753 B,
891 1671 928 1753 0,
944 1673 989 1753 N,
1006 1673 1089 1753 I,N
1104 1696 1245 1742 cernun-

181 1798 247 1866 tur,
270 1786 302 1851 in
327 1786 398 1852 aliis
421 1787 517 1853 nulla.

225 1899 339 1988 Figura
369 1898 507 1965 heminis
536 1899 660 1966 barbuti
689 1898 827 1967 sedentis
855 1899 960 1990 capite
989 1899 1127 1990 galeato,
1159 1913 1243 1968 reste

179 2009 291 2076 induta
317 2012 479 2101 longiore,
507 2035 573 2077 non
596 2035 671 2079 nero
698 2012 837 2078 feminae
856 2034 916 2076 nee
938 2011 1043 2077 velato
1063 2014 1184 2102 capite,
1208 2028 1245 2081 ut

179 2123 256 2189 elim
283 2125 426 2216 eremple
453 2126 557 2191 minus
577 2126 698 2215 integra
717 2122 987 2216 depingebantur3
1021 2123 1130 2191 dextra
1157 2139 1243 2194 tenet

178 2237 300 2325 apicem
316 2238 551 2328 pontificalem,
576 2238 665 2305 laena
683 2236 822 2316 hastam3
845 2236 973 2302 cubitus
992 2237 1117 2303 sinister
1130 2240 1246 2306 nititur

175 2349 306 2441 clypeo,
324 2352 377 2416 cui
396 2352 581 2443 inscriptum
602 2362 650 2417 est
674 2350 876 2440 Qtslltlm
895 2361 968 2415 ante
989 2350 1121 2441 ligurem
1139 2352 1200 2418 ΡΙ
1200 2351 1243 2419 C·

178 2461 290 2542 ῙΟΝ,
311 2463 395 2530 infra
412 2463 572 2543 ROMA,
589 2476 708 2554 atergo
724 2462 949 2540 remim,
967 2476 1120 2553 sequente
1134 2464 1241 2532 littere

175 2577 215 2643 N
239 2577 271 2641 in
303 2575 493 2667 quibusdam
525 2577 691 2668 exemplis,
724 2577 758 2642 in
789 2575 859 2641 aliis
888 2574 917 2640 S
941 2587 997 2641 aut
1019 2574 1077 2657 X,
1109 2578 1143 2644 in
1170 2577 1240 2645 eliis

174 2688 265 2756 nihil.
344 2746 346 2751 .

218 2803 332 2869 lnlelir
359 2805 417 2870 ista
444 2804 550 2871 littera
584 2803 623 2869 Ν
646 2803 679 2868 in
701 2826 810 2869 averse
839 2825 970 2869 nummo
1000 2805 1239 2873 numismatieos

173 2917 327 2995 exercuit,
352 2929 387 2982 ut
411 2917 495 2983 enim
518 2916 664 2983 Numenii
685 2917 788 2984 filiurn
809 2917 981 2997 indicaret,
1011 2930 1045 2984 ut
1066 2918 1239 2986 eredebant

175 3026 238 3104 illi,
270 3027 468 3093 desideratur
495 3028 602 3093 littera
631 3026 678 3106 Ν,
708 3051 806 3119 quem
831 3029 863 3094 in
889 3029 987 3096 altera
1006 3032 1130 3097 nummi
1148 3044 1238 3123 parte

174 3152 245 3205 ante
264 3150 361 3228 caput
380 3139 502 3204 Romae
517 3137 646 3228 Pighius
661 3138 829 3217 cernebat,
848 3140 905 3229 qni
922 3163 993 3205 eam
1010 3140 1116 3207 studio
1134 3154 1239 3209 truns-

171 3253 305 3344 positam
332 3252 538 3343 opinabatur,
567 3252 690 3317 etiamsi
713 3273 806 3317 eausa
831 3274 896 3318 non
917 3250 1064 3342 liqueret.
1117 3254 1159 3319 At
1178 3256 1236 3320 ab·

170 3364 298 3433 surdum
329 3377 377 3431 est
405 3365 504 3446 illud,
530 3376 701 3431 occurrunt
728 3364 851 3430 nummi
871 3377 896 3443 ²,
923 3364 954 3429 in
979 3364 1096 3454 quihus
1117 3367 1236 3435 mirum

170 3481 202 3546 in
229 3479 361 3546 modum
382 3479 540 3571 dispersae
567 3479 718 3569 leguntur
741 3478 881 3557 litterae,
905 3488 941 3541 nt
960 3490 1073 3544 netum
1095 3492 1158 3560 est,
1178 3482 1234 3546 sed

170 3594 211 3658 ita
240 3617 273 3658 se
299 3592 437 3674 habent,
460 3605 497 3658 ul
522 3615 647 3683 semper
667 3592 700 3656 in
721 3614 784 3656 una
804 3590 981 3680 eademque
1001 3593 1125 3658 nummi
1142 3609 1233 3684 parte

170 3717 355 3784 cernantur,
379 3728 443 3770 nen
463 3706 590 3771 veroin
610 3727 750 3770 aversam
769 3715 893 3794 partem
914 3702 1058 3783 delatae,
1076 3705 1130 3770 sed
1152 3709 1230 3797 quid

169 3842 356 3910 quaeramus
380 3831 584 3908 argumenta,
614 3817 669 3882 nbi
692 3839 740 3881 res
759 3815 990 3906 simplicissime
1009 3817 1102 3882 aliter
1120 3842 1154 3885 se
1172 3819 1232 3887 he-

168 3932 235 4010 bet,
259 3955 324 3997 non
343 3933 429 3997 enim
446 3932 552 3997 littera
572 3930 613 4008 Ν,
632 3929 685 3994 eui
704 3928 851 4019 suppleas
865 3928 1008 4008 »filius,'’
1024 3929 1079 3995 sed
1100 3929 1145 4009 E,
1165 3933 1228 4000 imo

167 4045 197 4110 in
229 4045 298 4110 aliis
331 4043 359 4109 Ι
375 4045 424 4112 rel
444 4046 482 4112 N
498 4044 653 4122 cernitur3
676 4042 815 4132 deniqne
836 4043 959 4108 litterae
979 4055 1052 4108 sunt
1071 4045 1231 4136 alphabe-

167 4157 262 4238 tinae,
294 4170 329 4223 ut
355 4170 441 4224 reete
467 4158 605 4223 coniecit
623 4155 749 4234 Riccio,
774 4156 830 4246 qui
850 4157 941 4221 affert
963 4155 1136 4224 Garedonii
1156 4162 1230 4253 epi-

193 4353 212 4420 1)
230 4357 309 4408 Veill.
334 4357 382 4407 ΝΟ.
407 4361 454 4415 233
477 4356 544 4405 Mor.
565 4354 646 4404 Faria
662 4355 683 4406 C
700 4362 726 4406 et
741 4356 779 4414 V;
798 4355 909 4416 Eekhel,
927 4353 1015 4406 Dectr.
1034 4355 1108 4406 Num.
1127 4360 1162 4409 11.
1182 4361 1232 4412 vol.

160 4442 182 4489 t.
192 4455 214 4504 p.
226 4444 290 4501 2093
308 4441 406 4501 Riccio,
426 4436 521 4490 Monere
530 4438 589 4490 delle
603 4438 695 4490 antiche
705 4434 821 4506 samiqlie
830 4437 857 4489 da·
864 4436 956 4501 Roma,
972 4442 1021 4492 tab.
1032 4441 1109 4492 XIX.
1122 4446 1144 4506 7,
1154 4459 1177 4508 p.
1188 4451 1229 4495 88.

158 4517 178 4589 a)
194 4525 257 4577 Mor.
276 4523 384 4576 Portum.
402 4525 479 4577 VIII.
