3194 5302
368 456 396 499 s.
418 455 519 500 roaros
540 453 700 500 siruamus
722 435 776 518 (1).
817 436 838 519 ς
859 437 888 499 2.
910 455 1101 501 ornstnoort.
1232 441 1271 502 25

204 631 298 695 inisse
318 630 465 697 traditur.
492 630 536 700 C.
553 630 670 697 Marius
687 643 798 697 eontra
818 629 1005 698 Coriolanus
1027 633 1269 722 cognominatus

206 741 347 810 ereditur
365 755 497 835 propter
516 743 661 810 Coriolos
681 756 877 835 expugnatos
897 757 927 823 ¹,
956 767 1039 835 qnae
1058 745 1140 811 ratio
1161 747 1194 810 in
1213 744 1270 809 Fi-

205 855 326 921 bulano
356 866 464 920 nostro
487 852 591 920 valere
610 854 735 945 potuit,
758 855 819 920 nisi
836 854 1036 946 probabilior
1053 856 1152 922 altera
1168 879 1269 939 consa.

208 965 372 1057 Quidquid
394 980 455 1046 est,
477 977 681 1058 praepostere
702 965 741 1031 nd
762 965 824 1032 boo
847 990 1024 1058 cognomen
1045 967 1270 1060 explicandum

206 1079 398 1145 afferebatur
424 1078 622 1145 Bruttiorum
643 1078 719 1144 urbs
743 1078 828 1144 Fibo
847 1078 1011 1160 Valentio,
1035 1083 1156 1172 quippe
1176 1083 1269 1148 nimis

206 1190 301 1281 longe
322 1191 444 1269 dissita,
468 1214 574 1282 neque
593 1191 633 1257 de
655 1190 790 1257 Vibellis
809 1191 974 1282 Ligurium
996 1194 1118 1285 populo
1136 1195 1270 1284 eogitari

205 1315 326 1394 potest;
350 1305 503 1395 suspicari
529 1304 606 1370 lieet
630 1304 743 1371 urbem
771 1303 861 1371 illam
891 1307 924 1370 in
946 1305 1038 1372 Latio
1059 1306 1150 1372 sitam
1170 1307 1267 1373 luisse

206 1430 238 1483 et
258 1429 357 1485 totam
379 1440 453 1484 oum
473 1418 602 1484 nomine
622 1417 789 1485 interiisse.

572 1595 589 1677 §
614 1596 644 1659 2.
695 1594 907 1684 Genealogia.

251 1757 347 1823 Hune
373 1757 552 1824 Kaesonem
571 1756 707 1823 Fabium
728 1770 814 1825 reete
833 1759 1012 1850 prinoipem
1038 1760 1141 1850 gentis
1160 1783 1197 1826 er
1217 1784 1271 1827 ae-

205 1882 271 1936 tate
291 1869 441 1936 historica
459 1869 565 1936 dicere
584 1893 767 1962 possumus;
790 1872 831 1938 de
852 1873 1086 1965 antiquioribus
1108 1875 1193 1941 enim
1214 1875 1272 1942 ad·

203 1981 338 2053 modum
358 1982 572 2049 dubitandum
591 1998 653 2063 est,
672 1983 712 2049 de
728 1983 790 2051 boo
805 1998 916 2052 eontra
933 1984 1017 2076 apud
1040 1999 1161 2054 veteres
1181 1988 1272 2055 nulla

205 2108 273 2161 erut
292 2095 459 2160 dubitatio.

252 2208 398 2274 Innotuit
427 2208 554 2277 nonnisi
580 2220 712 2301 propter
741 2223 802 2275 tres
828 2211 912 2277 filios
938 2209 1153 2278 nobilissimos
1175 2225 1272 2302 atque

204 2323 440 2388 strenuissimos
460 2345 477 2387 a
498 2335 598 2389 semet
616 2334 806 2414 prognatos,
825 2323 918 2388 nullo
937 2323 1022 2389 enim
1040 2321 1161 2390 honore
1177 2325 1273 2390 funo-

204 2447 258 2500 tus
278 2457 345 2500 esse
365 2433 506 2513 videtur3
540 2435 596 2526 qui
622 2458 696 2500 vero
724 2448 925 2524 quaestorem
951 2436 986 2501 in
1012 2458 1107 2501 cansa
1126 2436 1272 2504 Cassiano

203 2570 280 2614 enm
309 2546 403 2626 dixit,
432 2547 626 2638 permutavit
651 2570 724 2614 eum
745 2570 819 2614 oum
839 2548 908 2614 filio
927 2548 1072 2616 Kaesone
1091 2550 1139 2640 (3)
1162 2560 1273 2615 eontra

206 2661 326 2755 diserta
346 2661 550 2726 classicorum
571 2661 751 2726 testimonia
772 2673 797 2728 ².

252 2773 339 2840 Avus
359 2773 421 2839 fuit
441 2773 617 2840 seeundum
639 2774 750 2840 Fastos
772 2783 784 2822 ³
807 2773 845 2858 Q.
866 2775 959 2840 Fabii
978 2777 1024 2864 (5)
1056 2775 1209 2841 Fibulani
1231 2777 1273 2841 il·

204 2887 268 2952 lius
275 2936 283 2966 ,
308 2886 364 2976 qui
385 2910 421 2952 er
441 2885 532 2952 clade
554 2885 751 2953 Cremerensi
771 2888 857 2953 solus
876 2900 1032 2979 superstes
1050 2888 1146 2955 luisse
1169 2889 1273 2955 credi-

204 3012 274 3078 tur,
307 2999 397 3090 atqui
424 3012 514 3088 pater
541 2998 603 3064 luit
631 2998 673 3064 Μ.
694 2998 786 3064 Fabii
814 2998 968 3064 Fibulani
989 3001 1053 3086 (4),
1084 3000 1193 3089 quiin
1216 3001 1272 3067 illa

202 3111 300 3178 clade
327 3111 438 3202 periit,
472 3133 553 3175 nnus
580 3109 621 3174 de
649 3109 750 3176 tribus
781 3109 947 3187 fratribus,
977 3109 1035 3199 qui
1065 3133 1124 3200 per
1149 3124 1271 3202 septem

204 3248 306 3291 annos
326 3223 475 3314 deinceps
495 3223 691 3314 reipublicae
710 3223 873 3288 Romanae
891 3220 1109 3312 praefuerunt.

252 3338 329 3402 Post
356 3349 480 3402 renatas
505 3337 625 3402 litteras
653 3336 708 3401 viri
733 3335 820 3401 docti
840 3334 927 3400 buno
948 3334 1125 3400 Kaesonem
1147 3359 1272 3404 summo

203 3452 276 3516 iure
306 3451 367 3516 sibi
395 3449 614 3530 vindicarunt,
637 3472 714 3515 nam
734 3450 766 3514 in
786 3460 965 3527 stemmate,
993 3448 1080 3538 qnod
1100 3450 1272 3539 Dionysius

207 3565 441 3654 Fastorumque
477 3574 622 3629 anotores
653 3573 849 3654 sequuntur,
876 3563 1025 3652 princeps
1058 3563 1115 3628 ille
1143 3564 1273 3654 legeba-

205 3690 271 3746 tur.
309 3675 394 3741 Hinc
413 3696 487 3764 ergo
506 3671 624 3739 deduoi
641 3685 746 3764 potest
766 3672 833 3738 eius
854 3672 1024 3763 imaginem
1044 3674 1076 3739 in
1098 3674 1271 3742 Fabiorum

205 3789 295 3856 atriis
324 3788 466 3878 primum
494 3786 668 3852 obtinuisse
692 3788 800 3853 locum
820 3809 857 3852 ex
875 3787 1035 3852 constanti
1054 3787 1272 3855 Romanorum

205 3925 313 3982 more,
337 3901 397 3970 nisi
416 3901 498 3967 lorte
516 3901 584 3991 ipse
605 3900 759 3966 Hercules
779 3899 829 3966 vel
848 3899 999 3966 Euander
1016 3902 1157 3991 primum
1177 3901 1271 3967 illum

205 4016 316 4081 locum
336 4015 482 4080 tenuerit.
529 4014 635 4079 Prima
654 4013 751 4103 igitur
768 4011 863 4078 huius
887 4011 1011 4079 lumosa
1029 4014 1135 4105 imago
1156 4015 1189 4079 in
1211 4016 1237 4081 F
1239 4040 1273 4081 a·

206 4128 333 4194 biosum
363 4126 533 4218 triumphis
562 4127 700 4194 deducta
727 4138 791 4206 est,
819 4126 921 4217 prima
941 4127 974 4191 in
993 4108 1130 4218 publicis
1151 4128 1273 4195 funeri-

238 4400 258 4467 ι)
281 4402 349 4454 mor.
372 4404 394 4453 1.
421 4382 450 4454 ll
479 4405 493 4468 s
517 4408 541 4453 o.
630 4399 650 4470 π)
673 4404 730 4455 niv.
755 4403 793 4453 11.
817 4409 864 4468 m
887 4401 964 4454 oron.
986 4402 1046 4454 nn.
1071 4403 1148 4454 v111.
1171 4406 1215 4463 n,
1234 4406 1277 4452 ss.

199 4485 222 4553 ³)
241 4488 313 4539 Anni
330 4493 388 4539 287.
