3212 5294
346 455 407 517 206
544 470 652 521 narrar.
674 466 775 511 vanius
797 468 825 518 or
847 467 874 510 r.
896 467 924 518 e.
946 466 973 509 u.
996 465 1099 517 moron
1119 448 1194 530 (46).

348 649 480 742 perinde
507 661 575 717 erat
604 648 668 713 acsi
685 647 841 725 iurasset,
873 644 953 709 aliur
979 666 1100 735 nempe
1124 668 1184 735 pro
1212 645 1341 713 flamine
1367 646 1416 712 ius

350 762 531 853 praestabat
543 772 582 834 ,lit
618 778 621 831 ζ
681 826 683 839 ,
988 824 992 831 ,
1060 826 1063 835 ,
1134 744 1136 747 ⁸

392 874 476 941 Nolo
499 873 560 941 lroe
577 872 792 964 fragmentum
814 872 946 938 missum
967 871 1092 951 facere,
1118 872 1303 963 priusquam
1325 895 1415 940 corn·

345 989 574 1079 munioaverirn
595 987 861 1062 [observationem
888 986 937 1063 de
968 986 1048 1061 locis
1065 999 1071 1059 ζ
1086 985 1278 1077 qui-busdam
1315 986 1418 1054 Servii

345 1101 713 1193 MaurisquisVirgilii
737 1101 877 1166 carmina
894 1100 1032 1190 <egregiis
1046 1100 1216 1187 fillurtrans
1235 1103 1416 1167 annotatio-

348 1216 444 1282 nibus
456 1228 541 1291 totus
556 1215 742 1289 ariolamur
761 1216 793 1280 in
813 1190 1032 1287 observatione
1052 1214 1111 1288 aul)
1125 1213 1229 1285 aaran
1242 1213 1415 1283 etllidone

346 1329 430 1421 opud
465 1328 633 1418 Virgilium
664 1352 834 1418 perronam
864 1328 1275 1427 flaminlslet..llarniuicae
1307 1329 1416 1395 latere.

347 1442 379 1509 N
382 1466 423 1509 ou
445 1454 551 1508 tamen
571 1444 615 1508 ita
633 1454 694 1521 ert,
714 1466 788 1508 nam
805 1443 1045 1511 semel'tantuln
1063 1441 1125 1507 hoc
1142 1442 1337 1519 observavit,
1362 1465 1416 1507 re-

345 1578 417 1621 rum
440 1555 571 1627 Pseudo¹
584 1554 686 1621 Servii
706 1556 789 1622 bene
804 1556 902 1623 multi
915 1555 953 1622 ad
970 1577 1118 1623 nauseam
1136 1577 1237 1645 usque
1248 1553 1334 1619 'illud
1354 1553 1416 1619 ite-

351 1682 456 1737 ratum
478 1667 690 1742 decantarunt
703 1677 729 1736 2.
777 1668 904 1736 Scholia
919 1668 992 1747 illa,
1008 1669 1041 1734 in
1059 1667 1177 1759 quibus
1188 1668 1324 1757 repetita
1335 1666 1416 1757 legi·

346 1794 399 1848 tur
428 1782 604 1855 observatio
637 1781 714 1861 ista,
748 1794 834 1848 certa
863 1781 1011 1865 codicum
1037 1780 1419 1870 familiadignoscuntur

347 1919 411 1963 non
429 1907 570 1974 tantum,
594 1918 703 1962 verum
724 1895 890 1963 continent
901 1908 1070 1985 ‘praeterea
1088 1895 1176 1960 locon
1194 1916 1230 1961 ex
1247 1894 1317 1961 iure
1333 1917 1416 1985 pou·

345 2008 611 2087 rificioteosdem,
635 2008 691 2098 qui
712 2007 774 2073 hoo
790 2007 937 2074 Gelliano
958 2008 1062 2099 capite
1082 2007 1248 2099 legentum
1270 2007 1346 2073 hino
1365 2032 1414 2073 sa-

346 2121 386 2187 tis
401 2121 579 2211 probabilis
595 2120 732 2212 suspicio
747 2134 819 2186 nata
834 2133 1209 2201 est‚oonlmentatorem‚
1224 2122 1281 2213 qui
1292 2121 1417 2187 Pseudo

346 2234 497 2308 Serviuna
518 2233 611 2298 nobis
629 2233 777 2324 reliquit.
808 2257 864 2300 sua
884 2233 1024 2303 hausisse
1044 2258 1082 2301 aa
1105 2234 1220 2301 Gellio.
1262 2233 1417 2319 Quodne
1479 2312 1488 2330 ·

345 2348 540 2438 arrogantius
553 2346 673 2444 *dixisse
695 2345 816 2425 ridear,
840 2348 999 2437 proferam
1019 2356 1218 2438 argumenta:
1242 2347 1358 2413 sicubi
1378 2370 1416 2412 ex

345 2465 403 2549 §7
426 2462 466 2527 de
490 2459 637 2529 flaminia*
660 2460 737 2526 dicit
757 2461 911 2552 aliquid‚.
931 2459 1067 2557 explicat
1090 2461 1295 2529 eam-:eodem
1319 2459 1416 2526 modo

346 2598 411 2666 quo
434 2575 573 2655 Gellius,
598 2574 642 2640 sie
671 2574 802 2640 domum
829 2574 966 2640 flaminis
993 2574 1167 2665 appellari,
1194 2574 1248 2641 ,sed
1277 2586 1416 2664 praestat

344 2687 432 2753 locos
457 2686 638 2753 adscribere
657 2688 786 2759 ineum
805 2687 940 2753 ‘medum
960 2699 1026 2777 quo
1049 2687 1108 2753 aibi
1130 2688 1352 2778 respondeant.

344 2824 394 2887 ad
404 2821 486 2889 Aen.
523 2820 549 2886 Ι.
576 2824 647 2888 183.
671 2810 831 2889 deserina
847 2824 1004 2891 sarmento
1021 2825 1145 2914 imbuta
1168 2850 1214 2890 =
1238 2825 1349 2912 Gell.§
1365 2829 1417 2891 19.

369 2959 391 3000 >r
441 2958 462 3000 >v
520 2933 545 2999 Ι.
571 2937 645 2999 309.
671 2934 711 3000 de
733 2958 793 3000 usu
817 2937 915 3028 apicis
1167 2963 1214 3003 =
1275 2941 1417 3025 »§17.

370 3071 392 3114 u
441 3073 463 3114 n
505 3049 546 3114 tt.
594 3052 647 3113 57.
673 3048 713 3113 de
742 3050 850 3115 vincto
867 3075 932 3206 per
956 3052 1145 3142 impluvium

708 3139 907 3207 demitteno
1164 3166 1211 3207 ε
1272 3167 1295 3207 »
1331 3146 1348 3229 §
1385 3146 1416 3208 8.

369 3277 391 3319 n
440 3277 462 3319 »
486 3251 543 3320 Ill.
569 3256 645 3319 607.
664 3252 1146 3344 desupplioeadllaminemnon

707 3345 904 3411 verberando
1165 3371 1212 3412 =
1273 3373 1295 3415 n
1329 3350 1417 3433 §to

354 3468 389 3523 'u
439 3482 460 3523 >v
490 3455 545 3521 [V.
593 3459 646 3523 29.
670 3458 1153 3526 matrimoniumllamiuirmor-

708 3562 739 3614 te
763 3549 870 3614 dirimi
1167 3573 1214 3612 =
1275 3574 1297 3615 n
1331 3553 1417 3635 §ta

366 3685 388 3728 >v
438 3687 460 3727 >a
485 3660 541 3728 lV.
567 3664 644 3728 646.
668 3661 1212 3751 flaminicanegradusescendat:
1275 3687 1296 3728 >v
1331 3665 1417 3746 §29.

368 3800 389 3840 >›
439 3798 461 3838 >v
487 3770 541 3839 XI.
590 3776 644 3839 76.
669 3772 1212 3865 flamennemortuosattingat:
1273 3799 1294 3841 »
1328 3777 1417 3859 §25.

391 3931 438 3997 Ex
459 3928 580 4018 quibus
596 3927 674 3992 locis
693 3928 817 3993 collatis
834 3929 961 4019 probari
978 3941 1083 4019 potest
1099 3950 1202 3996 veram
1220 3951 1286 3994 erse
1305 3952 1416 3995 emen-

344 4045 507 4112 dationem
526 4043 587 4128 in§
599 4044 657 4120 29,
677 4040 734 4105 ubi
746 4041 927 4130 legebatur:
953 4067 974 4108 >v
985 4041 1108 4120 Scalas,
1120 4042 1180 4106 nisi
1192 4063 1274 4133 quae
1292 4042 1415 4110 Graece

344 4158 500 4236 κλίμακες
534 4153 757 4245 appellantur,
791 4155 961 4221 escendere
988 4157 1018 4222 ci
1043 4156 1116 4247 plus
1143 4156 1242 4223 tribus
1263 4155 1416 4246 gradibus

345 4269 528 4360 religiosum
558 4268 633 4346 est'',
657 4267 733 4333 dum
754 4281 988 4336 commentator
1011 4283 1044 4335 et
1065 4292 1133 4336 rom
1152 4281 1184 4336 ct
1205 4293 1333 4337 oausam
1355 4271 1417 4338 de·

372 4521 391 4590 ¹)
409 4521 466 4572 Liv.
485 4516 589 4570 XXXI.
609 4522 650 4568 50.
703 4514 724 4585 ²)
742 4514 786 4567 Act
801 4516 1252 4582 Aen.1.1ea‚aoa,1v.tormen,
1268 4524 1384 4583 ornem
