3190 5304
351 462 411 526 374
605 483 633 531 o.
654 420 766 523 saurus·
779 481 806 531 o.
828 479 855 522 r.
876 479 905 529 o.
926 480 955 523 n.
977 460 1166 542 raccolti).

362 657 525 724 Lunenses
548 657 609 723 fuit
636 680 720 723 anno
746 659 823 724 586.
867 655 952 723 Huic
977 655 1119 746 opinioni
1145 653 1250 719 obstat
1271 655 1421 744 quidem,

365 770 451 861 quod
482 769 595 836 Cicero
626 770 703 835 alios
731 770 850 835 incolas
879 768 1040 846 nominat,
1064 766 1118 833 sed
1146 767 1192 831 nil
1217 767 1328 847 refert,
1351 793 1425 835 nam

363 883 493 949 nonnisi
511 883 693 974 exemplum
702 882 862 973 profertur
878 881 1059 948 calliditatis
1069 881 1247 960 Romanae,
1262 903 1303 947 ne
1320 881 1426 948 dicam

364 996 494 1062 fraudis.
540 995 654 1086 Neque
682 997 806 1060 obstare
835 994 1010 1071 contendo,
1041 992 1127 1084 quod
1150 993 1298 1058 Valerius
1324 993 1431 1059 Maxi-v

362 1133 433 1177 mus
459 1108 545 1175 idem
572 1108 652 1173 illud
679 1107 864 1187 tradiderit,
895 1107 950 1198 qui
979 1128 1014 1171 cr
1042 1105 1195 1172 Cicerone
1224 1105 1285 1171 hoc
1304 1107 1425 1172 facturn

363 1223 573 1289 memorabile
599 1223 643 1287 ita
672 1222 855 1311 descripsit,
887 1232 923 1286 ut
951 1242 1009 1311 pro
1038 1232 1126 1291 certo
1152 1219 1308 1311 posuerit,
1336 1217 1426 1309 quod

362 1336 419 1402 ille
443 1336 627 1402 dubitanter
648 1334 778 1400 dixerat.

408 1448 567 1517 Dederich
594 1472 658 1514 non
688 1447 865 1514 attenderat
889 1447 929 1512 ad
956 1446 1106 1512 Buteonis
1127 1445 1306 1530 historiam,
1328 1445 1429 1510 etsie

363 1561 404 1627 de
439 1561 599 1628 Ciceronis
635 1564 704 1628 loco
733 1584 798 1626 uon
828 1560 1001 1638 dubitarit,
1035 1559 1122 1649 quod
1155 1569 1265 1623 contra
1295 1557 1429 1649 arripuit

365 1687 605 1764 argumentum,
639 1697 696 1740 cur
722 1674 779 1740 tali
806 1672 928 1739 homiui
948 1671 1146 1762 triumphum
1167 1671 1290 1761 petenti
1307 1670 1429 1736 tribuni

364 1789 600 1867 obniterentur,
636 1800 667 1855 et
688 1810 745 1852 cur
763 1788 962 1853 consulatum
990 1788 1104 1852 frustra
1127 1785 1278 1863 ambiret3
1300 1806 1429 1850 necnon

364 1901 404 1967 ad
428 1901 505 1966 iuris
534 1899 679 1991 peritiam
708 1899 789 1966 illud
814 1899 923 1981 traxit,
954 1898 1017 1964 acsi
1040 1898 1178 1963 iustitiae
1201 1897 1322 1987 aliquid
1346 1908 1429 1962 esset

364 2015 398 2079 in
422 2013 480 2079 ista
504 2012 625 2079 fraude.

673 2199 691 2282 §
720 2197 771 2261 10.
819 2192 912 2259 Laus
935 2193 1121 2257 litteraria.

410 2352 558 2437 Quaestio
570 2352 655 2417 fitex
668 2349 851 2418 Ciceronis*
868 2351 955 2416 loco:
974 2349 1079 2415 »Vivo
1093 2347 1214 2416 Catone
1228 2348 1427 2440 (520-605)

365 2464 504 2532 minores
525 2477 600 2531 natu
619 2465 714 2531 multi
734 2487 798 2530 uno
820 2476 961 2554 tempore
983 2474 1121 2528 oratores
1140 2463 1332 2541 floruerunt,
1356 2485 1431 2528 nam

366 2592 397 2645 et
417 2578 453 2646 A.
478 2578 613 2644 Albinus
634 2580 677 2657 is,
694 2579 750 2668 qui
767 2577 887 2644 Graece
903 2577 1028 2666 scripsit
1047 2574 1227 2655 historiam,
1245 2574 1301 2664 qui
1318 2575 1432 2639 consul

368 2715 442 2759 cum
468 2691 504 2757 L.
529 2691 667 2757 Lucullo
690 2691 784 2779 (603)
810 2690 948 2770 fuit„,ct
969 2689 1126 2755 litteratus
1147 2699 1180 2753 et
1199 2687 1332 2752 disertus
1352 2686 1433 2765 fuit,

366 2815 399 2868 et
419 2803 522 2869 tenuit
541 2801 617 2868 huic
638 2804 747 2867 locum
768 2801 939 2892 quemdam
960 2801 1055 2867 etiam
1073 2799 1140 2866 Ser.
1157 2800 1304 2878 Fulvius,
1319 2810 1352 2863 et
1368 2820 1435 2864 uno

368 2916 456 2982 Serv.
485 2916 604 2981 Fabius
632 2916 739 2981 Pictor
769 2918 858 3005 (46),
887 2928 919 2982 et
946 2915 1022 2979 iuris
1043 2926 1075 2978 et
1096 2913 1272 2979 litterarum
1295 2924 1326 2978 et
1350 2913 1436 2978 auti-

369 3029 501 3120 quitatis
521 3029 603 3094 bene
621 3030 760 3120 peritus,
782 3027 983 3119 Quintusque
1000 3024 1117 3091 Fabius
1135 3025 1243 3091 Labeo
1261 3026 1322 3090 luit
1340 3048 1438 3089 orna-

369 3154 419 3209 tus
447 3141 559 3208 iisdem
591 3143 657 3208 fere
686 3142 864 3207 laudibus.''
911 3142 953 3206 At
981 3140 1089 3205 Labeo
1115 3138 1283 3204 consulatu
1305 3139 1438 3203 iunctus

371 3260 479 3322 es132
501 3257 590 3321 annis
611 3267 685 3320 aute
707 3255 900 3334 Lucullum,
924 3265 1021 3343 atque
1046 3253 1186 3343 aequalis
1207 3252 1269 3317 fuit
1290 3250 1437 3330 Catonis,

372 3370 416 3434 ita
446 3382 482 3434 ut
511 3368 597 3446 haud
617 3369 712 3434 sciam
737 3392 776 3432 an
798 3368 846 3432 illi
873 3368 978 3432 minor
996 3378 1071 3430 natu
1098 3365 1161 3431 dici
1186 3366 1294 3456 possit.
1350 3365 1438 3430 Hinc

371 3481 508 3572 suspicio
537 3494 611 3547 nata
639 3482 705 3559 est,
731 3503 773 3544 an
797 3478 879 3543 forte
905 3477 989 3547 filius
1011 3477 1048 3560 Q.
1064 3475 1159 3542 'Fabii
1178 3475 1334 3542 Labeonis
1353 3489 1437 3542 esset

370 3593 618 3684 intelligendus,
654 3594 710 3683 qui
741 3594 785 3658 sic
811 3604 897 3657 recte
923 3590 1064 3681 aequalis
1089 3590 1199 3655 luisset
1225 3589 1349 3669 Albini3
1378 3589 1437 3654 sed

372 3708 542 3799 quominus
574 3707 613 3772 de
644 3706 712 3771 filio
741 3705 879 3794 cogitare
902 3726 1115 3795 perseverem,
1139 3702 1273 3793 impedit
1294 3703 1439 3792 antiqui·

372 3822 445 3887 tatis
476 3821 516 3885 de
545 3820 603 3884 illo
631 3820 807 3897 silentium,
832 3840 890 3884 nec
907 3816 1010 3882 audeo
1029 3828 1160 3907 propter
1180 3816 1281 3882 levius
1302 3815 1437 3881 fortasse

375 3933 485 4000 aetatis
511 3942 734 4019 argumentum
757 3929 902 4019 prolerre
927 3928 1060 3993 alterum
1086 3927 1234 3994 Fabium.

417 4044 493 4110 Noli
525 4055 645 4123 tamen,
665 4054 700 4107 ut
720 4040 879 4107 Dederich
900 4041 993 4121 lecit,
1017 4040 1056 4105 ad
1076 4040 1234 4105 Labeonis
1254 4040 1330 4106 iuris
1348 4041 1440 4132 peri-

375 4161 453 4225 tiam
470 4156 668 4247 probandam
683 4157 809 4235 afferrc,
834 4154 919 4245 quod
939 4166 1002 4219 tam
1020 4177 1126 4220 severe
1143 4155 1336 4246 reipublicae
1351 4156 1442 4247 leges

372 4284 516 4338 tueretur
543 4268 692 4361 stipendii
715 4268 878 4336 exactione
897 4268 1036 4347 scilicet3
1060 4281 1209 4359 quaestor
1227 4269 1314 4338 enirn
1333 4271 1441 4362 eregit

404 4523 424 4591 ¹)
443 4520 516 4575 Brut.
535 4527 565 4572 21
587 4524 602 4587 ᾗ
620 4527 662 4573 81.
