3154 5294
328 433 385 494 160
579 453 606 502 o.
627 453 730 497 sauros
751 452 870 508 morou,
891 448 1058 496 msromcus
1078 433 1154 516 (36).

330 626 423 691 tionis
451 640 609 707 versatur,
632 628 832 718 suppleverat
860 627 924 692 ille.
970 627 1153 692 Perizonius
1172 649 1285 716 agmen
1305 627 1393 694 ducit

330 762 441 805 eorum
466 752 497 819 ¹,
527 741 583 830 qui
609 740 802 806 Plutarcheo
830 741 901 805 loco
922 763 986 805 non
1005 763 1151 830 magnam
1172 740 1269 806 fidem
1291 741 1394 807 tribu·

330 863 400 929 ant,
423 850 603 940 gravissimo
621 850 719 916 allato
736 863 937 941 argumento,
962 851 1049 941 quod
1065 850 1192 917 Diocles
1209 876 1226 917 a
1241 851 1394 940 Dionysio

328 986 393 1028 non
422 964 588 1042 laudetur,
622 964 709 1054 quod
741 975 847 1029 tamen
879 963 1003 1029 fecisset
1029 963 1085 1029 ille
1110 965 1177 1030 sine
1200 964 1315 1046 dubio,
1339 966 1396 1057 qui

332 1088 416 1142 totus
445 1077 507 1142 fuit
536 1079 569 1142 in
600 1076 744 1142 fontibus
771 1076 1017 1166 perscrutandis.
1064 1075 1188 1142 Deinde
1213 1076 1277 1144 huc
1300 1079 1395 1145 traxit

330 1188 525 1256 Niebuhrius
556 1192 768 1281 suspicionem
799 1214 887 1256 suam
913 1200 927 1239 ²
957 1190 998 1257 de
1025 1190 1156 1257 historia
1184 1191 1329 1257 Romana
1358 1215 1397 1257 ex

332 1304 525 1369 carminibus
545 1304 756 1395 popularibus
776 1305 965 1393 composita,
990 1317 1025 1369 ut
1041 1304 1213 1395 explicaret
1231 1305 1317 1370 unde
1330 1303 1398 1370 his·

330 1418 425 1482 torici
444 1440 497 1482 sua
520 1418 625 1482 omnia
641 1416 792 1484 habeant.
828 1417 1003 1493 incertiora
1020 1429 1094 1483 sunt
1113 1430 1218 1482 autem
1229 1466 1237 1496 ,
1257 1440 1340 1507 quae
1357 1417 1398 1483 de

333 1529 447 1595 Diocle
466 1541 606 1594 statuant
622 1530 681 1596 riri
700 1529 802 1609 docti;
821 1529 979 1620 quidquid
994 1541 1055 1623 vest,
1077 1530 1207 1595 omnino
1229 1530 1399 1598 verisimile

331 1667 397 1709 non
423 1643 548 1709 ridetur
573 1643 660 1733 quod
688 1641 935 1708 Wachsmuth³
962 1643 1144 1733 proposuit,
1170 1655 1205 1709 ut
1225 1644 1320 1709 simul
1341 1668 1398 1710 er·

332 1757 506 1847 plicaretur
533 1756 618 1821 lama
646 1755 686 1822 de
714 1756 837 1846 duplici
868 1757 990 1846 lingna,
1021 1779 1083 1847 qua
1114 1756 1243 1822 annales
1267 1757 1402 1823 Pictoris

334 1869 442 1961 scripti
476 1869 637 1935 feruntur:
673 1870 808 1936 Fabium
840 1883 871 1934 et
901 1868 1048 1935 Cincium
1080 1870 1194 1935 Latine
1224 1871 1403 1959 scripsisse,

335 1982 453 2049 Graeca
476 2007 548 2049 vero
569 1984 713 2049 versione
734 1983 921 2070 Dionysium
944 2005 1034 2049 usum
1055 2006 1137 2063 esse,
1161 2005 1258 2073 quem
1275 1983 1404 2050 Diocles

334 2097 520 2162 confecisset
539 2097 678 2176 scilicet3
708 2095 791 2193 hanc
810 2119 939 2185 pravam
970 2098 1153 2186 opinionem
1179 2120 1217 2162 ex
1243 2097 1403 2163 Reisliit

333 2211 510 2300 suspicione
537 2223 643 2276 natam
673 2209 860 2298 Bernhardy
882 2223 895 2260 ⁵
920 2211 1071 2301 sequitur.
1117 2208 1229 2301 Nuper
1259 2210 1403 2302 denique

330 2325 450 2391 Dioclis
477 2323 574 2390 fidem
601 2324 683 2390 tueri
709 2336 840 2390 conatus
865 2336 911 2389 est
935 2323 1140 2413 Willenhorg
1164 2336 1193 2402 θ,
1224 2324 1282 2414 qui
1303 2347 1402 2390 accu-

333 2450 401 2503 rate
431 2451 462 2503 et
490 2437 583 2503 docte
613 2437 743 2527 quidem
766 2438 801 2501 in
824 2460 933 2503 omnes
962 2437 1035 2502 istas
1065 2437 1265 2527 quaestiones
1294 2438 1407 2527 inqui-

334 2552 406 2618 sivit
434 2565 466 2617 et
494 2575 678 2641 persuasum
707 2551 768 2616 sibi
793 2549 893 2615 habet
918 2549 1054 2615 Fabium
1075 2573 1112 2615 er
1131 2549 1242 2616 Diocle
1263 2550 1406 2617 hausisse

336 2689 407 2744 sua,
439 2688 503 2729 non
527 2688 601 2754 ergo
623 2664 767 2729 Dioclem
790 2664 881 2728 Fabii
900 2663 1029 2728 annales
1049 2664 1081 2727 in
1104 2663 1259 2729 Graecum
1282 2688 1407 2731 sermo-

335 2801 409 2843 nem
430 2778 573 2854 sortisse,
597 2776 650 2841 sed
672 2761 931 2842 coniunctionem
952 2778 1103 2842 intereos
1119 2778 1279 2857 exsistere,
1305 2801 1407 2867 quam

338 2889 527 2956 Plutarchus
562 2889 716 2967 affirmat,
750 2913 809 2954 nec
845 2891 952 2955 fictam
984 2890 1160 2980 falsamque
1189 2914 1254 2957 esse
1282 2890 1408 2957 Dioclis

337 3004 532 3069 mentionem
552 3002 592 3069 de
612 3002 784 3092 originibus
797 3003 933 3081 Romae;
954 3002 1004 3068 rel
1023 3003 1142 3068 Dioclis
1159 3004 1309 3094 reliquias
1324 3026 1408 3071 con-

339 3115 443 3182 tendit
472 3117 572 3182 inesse
601 3117 634 3181 in
666 3116 722 3195 iis,
757 3140 838 3205 quae
868 3116 1055 3182 Plutarchus
1080 3117 1112 3182 in
1138 3122 1210 3182 vitu
1229 3117 1408 3183 Romulia

338 3230 441 3320 capite
464 3233 483 3293 3
505 3228 544 3294 ad
567 3232 588 3293 8
607 3229 699 3293 nobis
723 3227 868 3300 tradidit,
893 3228 957 3292 imo
976 3227 1096 3292 Romae
1118 3227 1239 3317 degisse
1256 3227 1407 3296 Dioclem

337 3343 505 3433 opinatur,
529 3342 586 3431 qui
603 3342 687 3406 inter
706 3339 755 3406 01.
778 3339 867 3405 CVll
888 3351 919 3404 et
942 3339 1062 3406 CXXII
1083 3342 1123 3428 (a.
1145 3341 1183 3408 U.
1209 3345 1405 3431 402-462)

338 3456 414 3521 ririt
436 3477 473 3519 ex
493 3453 579 3519 illius
601 3453 847 3542 computatione.

384 3566 447 3632 Sed
486 3567 563 3632 haec
603 3567 709 3632 omnia
740 3566 834 3631 unico
873 3565 1037 3632 Plutarchi
1076 3567 1256 3632 testimonio
1294 3591 1410 3658 super·

338 3684 465 3759 struxit,
498 3705 593 3772 quem
622 3680 720 3746 dubio
750 3679 922 3745 obnoxium
950 3679 1112 3745 habehant
1135 3681 1311 3746 contrariae
1334 3684 1409 3772 opi·

340 3796 445 3861 nionis
471 3795 624 3874 lautores3
647 3794 736 3859 litem
758 3792 863 3858 adhuc
881 3792 940 3858 suh
962 3792 1066 3859 iudice
1085 3816 1151 3858 esse
1167 3792 1241 3859 inde
1261 3796 1411 3884 sequitur

339 3934 377 3975 ex
407 3932 476 3975 mea
504 3909 615 3974 saltem
645 3907 810 3998 opinione3
842 3906 991 3997 equidem
1018 3908 1236 3996 quaestionem
1256 3906 1410 3973 dirimere

338 4024 455 4102 nolim,
480 4021 575 4088 multi
596 4021 765 4087 dubitandi
784 4021 889 4087 studio
910 4020 1004 4085 nimis
1024 4019 1235 4099 indulserant,
1255 4021 1311 4087 alii
1332 4044 1410 4088 vero

340 4135 540 4227 probabilius
563 4133 706 4200 Dioclem
730 4145 762 4201 et
782 4134 917 4199 Fabium
940 4135 1069 4200 seorsim
1089 4133 1267 4200 Romanam
1286 4136 1410 4201 famam

366 4325 387 4392 ¹)
404 4328 472 4378 Vide
496 4326 600 4376 nomina
623 4340 710 4375 eorum
732 4327 798 4390 apud
820 4324 1010 4387 Schweglerum
1026 4325 1049 4374 1.
1068 4330 1118 4375 413
1143 4342 1169 4376 n.
1188 4331 1212 4377 6.
1283 4322 1357 4390 2)1ῗ.
1382 4323 1415 4377 G.

331 4415 353 4463 Ι.
373 4417 423 4462 283
441 4427 494 4478 sqq.
565 4406 586 4474 ὅ)
604 4407 655 4458 Die
672 4409 715 4460 etr.
736 4406 819 4460 Gesol.
832 4408 856 4458 d.
874 4406 945 4459 Rem.
964 4405 1071 4459 Stactsv.
1090 4412 1131 4460 27.
1202 4409 1222 4478 4)
1241 4411 1284 4462 Aa
1303 4411 1415 4477 Dionys.

330 4499 353 4547 1.
373 4501 431 4547 601.
502 4493 521 4562 ⁵)
540 4495 601 4558 Peg.
622 4499 679 4544 52³.
747 4492 767 4560 6)
786 4491 827 4543 De
844 4492 928 4547 Diocle
946 4493 1100 4561 Popurctlrio.

1019 4663 1032 4694 θ
