3194 5302
297 459 339 521 22
513 460 534 543 5
554 463 583 524 6.
604 476 805 524 counnnrrnn
826 479 985 523 ennrunan
1008 478 1165 523 rrnronuu.

307 652 366 720 illo
387 658 495 724 cinctu
517 671 528 709 ¹
555 670 628 750 toga
646 660 680 725 in
701 673 825 750 tergum
846 658 1003 738 relicitur,
1027 671 1063 723 ut
1081 659 1145 723 ima
1162 657 1229 723 eius
1246 681 1265 721 a
1281 667 1370 744 tergo

311 782 457 838 revocata
478 771 643 839 hominem
665 774 789 864 cingat,
812 796 878 839 non
899 795 974 839 vero
993 782 1092 861 caput
1110 782 1206 861 tegat.

457 957 475 1040 §
506 959 537 1021 6.
590 954 829 1022 Commentario*
846 957 1017 1044 gentiliaci
1037 953 1227 1019 Fabiorum.

358 1108 523 1177 Pertinent
556 1111 596 1177 ad
631 1135 683 1189 ea,
722 1133 805 1201 quae
836 1122 946 1200 gentes
982 1111 1110 1201 propria
1146 1109 1207 1174 sibi
1238 1107 1376 1184 habent,

314 1225 535 1290 commentarii
559 1223 730 1313 gentilicii3
754 1222 926 1288 cohaerent
948 1222 997 1287 illi
1018 1244 1090 1288 cum
1111 1222 1180 1287 iure
1200 1220 1376 1310 imaginum

314 1355 489 1427 earumque
509 1338 610 1403 titulis
624 1350 655 1403 et
676 1360 749 1403 cum
767 1335 1020 1415 laudationibus,
1035 1334 1121 1400 unde
1132 1334 1285 1425 originem
1298 1328 1377 1396 mihi

313 1445 464 1513 videntur
488 1450 626 1516 traxisse.
674 1449 843 1515 Habebant
871 1470 986 1538 nempe
1014 1449 1047 1512 in
1076 1447 1161 1513 atriis
1189 1446 1252 1510 suis
1276 1441 1377 1534 patri·

313 1559 355 1624 cii
367 1561 570 1653 nobilesque,
582 1563 638 1653 qui
653 1562 692 1628 ad
709 1562 835 1628 curules
847 1571 1057 1651 pervenerant
1068 1559 1283 1649 magistratus,
1298 1555 1377 1619 ima-

312 1673 401 1763 gines
420 1677 577 1741 maiorum
595 1677 627 1740 in
648 1676 789 1741 armariis
813 1674 923 1740 ordine
943 1674 1110 1765 dispositas
1131 1673 1171 1738 ab
1190 1696 1229 1738 eo
1247 1669 1336 1747 inde,
1358 1692 1377 1732 a

313 1809 380 1875 quo
409 1789 538 1879 stirpem
567 1788 729 1854 ducebant
759 1788 911 1877 gentiles,
940 1788 1057 1878 quibus
1078 1785 1269 1876 imaginibus
1294 1784 1378 1848 anti·

313 1899 470 1988 quitatem
490 1911 523 1964 et
542 1898 743 1964 nobilitatem
762 1898 943 1988 probabant
963 1899 1024 1963 seri
1037 1909 1185 1988 nepotes,
1201 1909 1233 1962 et
1253 1895 1279 1960 si
1297 1916 1377 1984 opas

312 2022 380 2076 erat
409 2011 632 2100 cognationem
663 2008 850 2098 gentilium3
888 2007 964 2073 hinc
996 2008 1073 2072 olim
1103 2029 1218 2097 magno
1251 2004 1377 2071 honore

311 2146 380 2189 esse
392 2122 517 2188 habitas
527 2122 680 2213 imagines
690 2121 776 2200 illas,
794 2144 910 2211 easque
922 2119 960 2186 ad
974 2121 1121 2186 virtutem
1133 2132 1278 2211 posteros
1296 2119 1378 2184 iaci-

312 2248 409 2313 tasse,
441 2258 506 2300 non
535 2246 582 2300 est
611 2234 699 2325 quod
730 2233 845 2302 dicam.
897 2234 1177 2324 Expromebantur
1205 2234 1239 2298 in
1266 2233 1378 2324 gentili

314 2371 433 2439 pompa
454 2349 519 2413 sive
537 2347 726 2438 triumphali
748 2347 813 2413 sire
831 2346 974 2426 funebri,
994 2347 1078 2412 unde
1096 2349 1216 2412 vanitas
1235 2345 1379 2411 Romana

313 2459 453 2524 effloruit
481 2458 607 2549 aliaque
635 2457 710 2524 vitia
736 2481 808 2523 cum
831 2481 956 2524 morum
978 2459 1158 2550 corruptela
1177 2470 1271 2524 enata
1293 2472 1378 2529 sunt.

311 2570 493 2661 Subscripti
519 2583 609 2636 erant
639 2571 740 2650 tituli,
767 2571 885 2661 quibus
907 2571 1063 2638 honorum
1084 2573 1309 2640 continebatur
1329 2597 1379 2639 se-

311 2684 373 2750 ries
401 2684 624 2773 maiorumque
650 2684 799 2763 nomina,
828 2706 1070 2775 nonnumquam
1090 2709 1138 2751 res
1158 2698 1263 2776 gestae
1281 2687 1379 2754 verbo

314 2796 507 2886 descriptae3
541 2818 579 2860 ex
608 2796 726 2885 quibus
747 2796 849 2862 titulis
869 2820 886 2862 a
907 2799 1057 2887 posteris,
1088 2811 1123 2863 ut
1143 2821 1180 2864 er
1201 2799 1246 2864 rei
1267 2812 1380 2865 natura

316 2909 473 2999 sequitur,
503 2909 657 2974 confectis
687 2923 779 2975 aucta
804 2910 889 2976 fama
915 2923 952 2976 ut
980 2912 1049 2976 fieri
1071 2912 1201 2991 assolet,
1224 2913 1381 2979 eradebat

315 3022 349 3086 in
374 3021 572 3087 laudationes
596 3021 756 3089 funebres.

360 3134 422 3200 llic
452 3134 690 3224 antiquissimus
717 3135 866 3201 historiae
886 3135 977 3214 fons,
1007 3135 1092 3226 quod
1118 3137 1156 3201 ad
1176 3160 1225 3202 res
1243 3137 1380 3227 privatas

316 3248 450 3326 attinet,
480 3246 591 3311 haberi
610 3260 734 3337 potest,
764 3271 838 3312 nam
862 3247 1009 3338 deinceps
1028 3271 1128 3338 quum
1150 3249 1237 3313 tituli
1257 3271 1379 3315 encres·

314 3361 449 3441 cebant,
468 3372 577 3450 gentes
596 3362 751 3427 maiorum
771 3384 820 3426 res
839 3373 940 3450 gestas
959 3363 1078 3452 scripto
1097 3362 1306 3440 mandarunt,
1323 3363 1380 3452 qui

315 3474 537 3540 commentarii
558 3473 854 3565 complectebantur
876 3473 1036 3564 quidquid
1058 3475 1291 3541 nobilissimum
1316 3476 1380 3541 sin·

315 3588 383 3678 guli
402 3588 538 3653 maiores
558 3586 699 3652 fecerant
721 3600 776 3652 aut
797 3586 909 3652 fecisse
931 3587 1145 3653 tradebantur.
1175 3589 1222 3655 Ex
1240 3612 1278 3654 eo
1299 3589 1380 3654 bene
1423 3590 1429 3601 '

315 3701 419 3766 multa
451 3699 590 3766 hausisse
620 3701 740 3791 primos
769 3700 937 3766 historicos
961 3724 1019 3791 per
1042 3725 1074 3766 se
1093 3700 1299 3791 intelligitur,
1322 3723 1380 3767 nec

317 3814 431 3880 desunt
465 3812 560 3879 huius
594 3814 639 3879 rei
675 3813 793 3879 indicia
825 3814 859 3879 iu
896 3813 1026 3880 historia
1062 3815 1250 3894 Fabiorum,
1285 3814 1381 3881 Vale·

312 3927 450 4004 riorum,
475 3926 654 4004 Liviorum,
678 3925 905 4005 Claudiorum,
929 3939 990 3994 cet.

359 4039 509 4106 Nostram
540 4028 671 4129 quoque
699 4052 826 4129 gentem
856 4062 928 4104 suos
960 4039 1106 4106 habuisse
1136 4040 1380 4107 commentarios

315 4152 411 4217 docet
429 4151 589 4241 analogia,
612 4172 671 4217 nec
691 4151 901 4216 inveniuntur
917 4149 1125 4231 documenta,
1150 4175 1232 4242 quae
1253 4162 1382 4217 contra-

313 4266 397 4332 rium
418 4265 653 4343 demonstrent,
669 4263 734 4329 imo
753 4285 895 4329 annuere
914 4264 977 4329 tale
997 4264 1074 4356 quid
1091 4264 1218 4336 ridetur
1237 4264 1344 4332 Livius
1356 4275 1380 4342 2,

343 4430 364 4487 ¹l
380 4431 453 4484 Serv.
471 4429 507 4479 ad
521 4426 583 4479 Aur.
600 4431 664 4481 VII.
683 4435 747 4490 612;
764 4438 831 4481 reete
847 4432 924 4496 igitur
941 4433 1046 4483 Vossius
1062 4406 1131 4494 apud
1146 4431 1263 4485 Serrium
1277 4430 1314 4482 ud
1324 4427 1386 4481 Aea.

307 4518 343 4568 V.
364 4519 412 4566 755
431 4531 476 4581 pro
496 4514 622 4567 „sabino”
639 4516 748 4567 restituit
767 4512 866 4569 Gabino.
937 4513 957 4583 ²)
976 4516 1067 4567 XXII.
1086 4522 1128 4567 31.
