<?xml version="1.0" encoding="UTF-8"?>
<!DOCTYPE html PUBLIC "-//W3C//DTD XHTML 1.0 Transitional//EN"
    "http://www.w3.org/TR/xhtml1/DTD/xhtml1-transitional.dtd">
<html xmlns="http://www.w3.org/1999/xhtml" xml:lang="en" lang="en">
 <head>
  <title>
</title>
<meta http-equiv="Content-Type" content="text/html;charset=utf-8" />
  <meta name='ocr-system' content='tesseract 3.04.00' />
  <meta name='ocr-capabilities' content='ocr_page ocr_carea ocr_par ocr_line ocrx_word'/>
</head>
<body>
  <div class='ocr_page' id='page_1' title='image "./disputatiodegen00servgoog_0435.png"; bbox 0 0 3190 5304; ppageno 0'>
   <div class='ocr_carea' id='block_1_1' title="bbox 351 391 1264 483">
    <p class='ocr_par' dir='ltr' id='par_1_1' title="bbox 351 391 1264 483">
     <span class='ocr_line' id='line_1_1' title="bbox 351 391 1264 483; baseline -0.002 -19"><span class='ocrx_word' id='word_1_1' title='bbox 351 404 412 466; x_wconf 73' lang='grc'>418</span> <span class='ocrx_word' id='word_1_2' title='bbox 451 391 460 410; x_wconf 78' lang='grc'><em>“</em></span> <span class='ocrx_word' id='word_1_3' title='bbox 514 423 543 472; x_wconf 80' lang='lat' dir='ltr'>e.</span> <span class='ocrx_word' id='word_1_4' title='bbox 562 418 665 464; x_wconf 79' lang='lat' dir='ltr'>rantes</span> <span class='ocrx_word' id='word_1_5' title='bbox 686 420 713 470; x_wconf 84' lang='lat' dir='ltr'>e.</span> <span class='ocrx_word' id='word_1_6' title='bbox 733 420 761 464; x_wconf 86' lang='lat' dir='ltr'>r.</span> <span class='ocrx_word' id='word_1_7' title='bbox 783 420 812 470; x_wconf 84' lang='lat' dir='ltr'>o.</span> <span class='ocrx_word' id='word_1_8' title='bbox 833 418 863 462; x_wconf 83' lang='lat' dir='ltr'>n.</span> <span class='ocrx_word' id='word_1_9' title='bbox 883 416 1016 461; x_wconf 76' lang='lat' dir='ltr'>uaxrnos</span> <span class='ocrx_word' id='word_1_10' title='bbox 1037 417 1169 461; x_wconf 80' lang='lat' dir='ltr'>arcanos</span> <span class='ocrx_word' id='word_1_11' title='bbox 1189 392 1264 483; x_wconf 82' lang='grc'>(61).</span> 
     </span>
    </p>
   </div>
   <div class='ocr_carea' id='block_1_2' title="bbox 715 634 1064 727">
    <p class='ocr_par' dir='ltr' id='par_1_2' title="bbox 715 634 1064 727">
     <span class='ocr_line' id='line_1_2' title="bbox 715 634 1064 727; baseline -0.009 -19"><span class='ocrx_word' id='word_1_12' title='bbox 715 644 735 727; x_wconf 84' lang='lat'>§</span> <span class='ocrx_word' id='word_1_13' title='bbox 760 646 791 708; x_wconf 85' lang='grc'>8.</span> <span class='ocrx_word' id='word_1_14' title='bbox 837 634 1013 706; x_wconf 72' lang='lat' dir='ltr'>Exsilium</span> <span class='ocrx_word' id='word_1_15' title='bbox 1039 651 1064 705; x_wconf 85' lang='lat'>¹.</span> 
     </span>
    </p>
   </div>
   <div class='ocr_carea' id='block_1_3' title="bbox 360 819 1424 1030">
    <p class='ocr_par' dir='ltr' id='par_1_3' title="bbox 360 819 1424 1030">
     <span class='ocr_line' id='line_1_3' title="bbox 404 819 1424 901; baseline -0.004 -10"><span class='ocrx_word' id='word_1_16' title='bbox 404 825 521 891; x_wconf 73' lang='lat' dir='ltr'>Fabius</span> <span class='ocrx_word' id='word_1_17' title='bbox 550 823 734 901; x_wconf 85' lang='lat' dir='ltr'>damnatus,</span> <span class='ocrx_word' id='word_1_18' title='bbox 764 831 801 886; x_wconf 91' lang='lat' dir='ltr'>ut</span> <span class='ocrx_word' id='word_1_19' title='bbox 825 821 895 886; x_wconf 84' lang='lat' dir='ltr'>lieri</span> <span class='ocrx_word' id='word_1_20' title='bbox 918 820 1060 900; x_wconf 78' lang='lat' dir='ltr'><strong>solebat,</strong></span> <span class='ocrx_word' id='word_1_21' title='bbox 1084 819 1298 887; x_wconf 72' lang='lat' dir='ltr'>voluntarium</span> <span class='ocrx_word' id='word_1_22' title='bbox 1320 841 1424 888; x_wconf 81' lang='lat' dir='ltr'>seces·</span> 
     </span>
     <span class='ocr_line' id='line_1_4' title="bbox 360 933 1421 1030; baseline -0.004 -26"><span class='ocrx_word' id='word_1_23' title='bbox 360 961 429 1004; x_wconf 84' lang='lat' dir='ltr'>sum</span> <span class='ocrx_word' id='word_1_24' title='bbox 459 938 656 1030; x_wconf 77' lang='lat' dir='ltr'>praeferens,</span> <span class='ocrx_word' id='word_1_25' title='bbox 689 936 793 1002; x_wconf 85' lang='lat' dir='ltr'>solum</span> <span class='ocrx_word' id='word_1_26' title='bbox 823 933 934 1013; x_wconf 78' lang='lat' dir='ltr'>vertit3</span> <span class='ocrx_word' id='word_1_27' title='bbox 957 934 1093 1024; x_wconf 68' lang='lat' dir='ltr'>legimus</span> <span class='ocrx_word' id='word_1_28' title='bbox 1112 934 1197 1000; x_wconf 87' lang='lat' dir='ltr'>enim</span> <span class='ocrx_word' id='word_1_29' title='bbox 1217 933 1305 1025; x_wconf 88' lang='lat' dir='ltr'>apud</span> <span class='ocrx_word' id='word_1_30' title='bbox 1325 934 1421 1000; x_wconf 79' lang='lat' dir='ltr'>Vale-</span> 
     </span>
    </p>
   </div>
   <div class='ocr_carea' id='block_1_4' title="bbox 357 1046 1446 4190">
    <p class='ocr_par' dir='ltr' id='par_1_4' title="bbox 357 1046 1425 1475">
     <span class='ocr_line' id='line_1_5' title="bbox 359 1046 1425 1139; baseline -0.003 -21"><span class='ocrx_word' id='word_1_31' title='bbox 359 1053 457 1118; x_wconf 83' lang='lat' dir='ltr'>rium:</span> <span class='ocrx_word' id='word_1_32' title='bbox 493 1050 561 1136; x_wconf 83' lang='lat' dir='ltr'>»Q.</span> <span class='ocrx_word' id='word_1_33' title='bbox 591 1051 710 1117; x_wconf 75' lang='lat' dir='ltr'>Fabius</span> <span class='ocrx_word' id='word_1_34' title='bbox 738 1048 892 1117; x_wconf 74' lang='lat' dir='ltr'>Maximus</span> <span class='ocrx_word' id='word_1_35' title='bbox 922 1046 1116 1113; x_wconf 76' lang='lat' dir='ltr'>servilianus</span> <span class='ocrx_word' id='word_1_36' title='bbox 1142 1047 1316 1114; x_wconf 81' lang='lat' dir='ltr'><strong>honoribus</strong></span> <span class='ocrx_word' id='word_1_37' title='bbox 1341 1070 1425 1139; x_wconf 76' lang='lat' dir='ltr'>quos</span> 
     </span>
     <span class='ocr_line' id='line_1_6' title="bbox 357 1160 1420 1256; baseline -0.003 -27"><span class='ocrx_word' id='word_1_38' title='bbox 357 1160 612 1256; x_wconf 85' lang='lat' dir='ltr'>splendidissime</span> <span class='ocrx_word' id='word_1_39' title='bbox 640 1171 793 1252; x_wconf 75' lang='lat' dir='ltr'>gesserat,</span> <span class='ocrx_word' id='word_1_40' title='bbox 824 1180 975 1225; x_wconf 80' lang='lat' dir='ltr'><strong>censurae</strong></span> <span class='ocrx_word' id='word_1_41' title='bbox 1003 1160 1156 1248; x_wconf 75' lang='lat' dir='ltr'>gravitate</span> <span class='ocrx_word' id='word_1_42' title='bbox 1178 1161 1420 1240; x_wconf 85' lang='lat' dir='ltr'>consummatis,</span> 
     </span>
     <span class='ocr_line' id='line_1_7' title="bbox 360 1271 1424 1365; baseline -0.004 -23"><span class='ocrx_word' id='word_1_43' title='bbox 360 1276 463 1365; x_wconf 79' lang='lat' dir='ltr'><strong>exegit</strong></span> <span class='ocrx_word' id='word_1_44' title='bbox 488 1298 504 1340; x_wconf 87' lang='lat' dir='ltr'>a</span> <span class='ocrx_word' id='word_1_45' title='bbox 524 1275 593 1340; x_wconf 84' lang='lat' dir='ltr'>filio</span> <span class='ocrx_word' id='word_1_46' title='bbox 611 1294 732 1365; x_wconf 89' lang='lat' dir='ltr'>poenas</span> <span class='ocrx_word' id='word_1_47' title='bbox 750 1271 866 1338; x_wconf 80' lang='lat' dir='ltr'>dubiae</span> <span class='ocrx_word' id='word_1_48' title='bbox 885 1272 1053 1351; x_wconf 87' lang='lat' dir='ltr'>castitatis,</span> <span class='ocrx_word' id='word_1_49' title='bbox 1075 1284 1108 1338; x_wconf 90' lang='lat' dir='ltr'>ct</span> <span class='ocrx_word' id='word_1_50' title='bbox 1127 1273 1242 1362; x_wconf 87' lang='lat' dir='ltr'>punito</span> <span class='ocrx_word' id='word_1_51' title='bbox 1270 1272 1424 1364; x_wconf 89' lang='lat' dir='ltr'>pependit</span> 
     </span>
     <span class='ocr_line' id='line_1_8' title="bbox 363 1384 1230 1475; baseline -0.006 -19"><span class='ocrx_word' id='word_1_52' title='bbox 363 1388 542 1456; x_wconf 74' lang='lat' dir='ltr'>voluntario</span> <span class='ocrx_word' id='word_1_53' title='bbox 562 1409 685 1454; x_wconf 88' lang='lat' dir='ltr'>secessu</span> <span class='ocrx_word' id='word_1_54' title='bbox 704 1397 910 1474; x_wconf 90' lang='lat' dir='ltr'>conspectum</span> <span class='ocrx_word' id='word_1_55' title='bbox 930 1385 1051 1475; x_wconf 79' lang='lat' dir='ltr'>patriae</span> <span class='ocrx_word' id='word_1_56' title='bbox 1071 1384 1230 1451; x_wconf 81' lang='lat' dir='ltr'>vitando.”</span> 
     </span>
    </p>

    <p class='ocr_par' dir='ltr' id='par_1_5' title="bbox 363 1496 1436 2606">
     <span class='ocr_line' id='line_1_9' title="bbox 409 1496 1424 1591; baseline -0.004 -24"><span class='ocrx_word' id='word_1_57' title='bbox 409 1500 539 1591; x_wconf 76' lang='lat' dir='ltr'>Pighius</span> <span class='ocrx_word' id='word_1_58' title='bbox 559 1501 667 1567; x_wconf 91' lang='lat' dir='ltr'>lecum</span> <span class='ocrx_word' id='word_1_59' title='bbox 688 1499 780 1565; x_wconf 88' lang='lat' dir='ltr'>illum</span> <span class='ocrx_word' id='word_1_60' title='bbox 802 1498 906 1589; x_wconf 88' lang='lat' dir='ltr'>plures</span> <span class='ocrx_word' id='word_1_61' title='bbox 931 1497 973 1562; x_wconf 90' lang='lat' dir='ltr'>ob</span> <span class='ocrx_word' id='word_1_62' title='bbox 992 1496 1118 1564; x_wconf 91' lang='lat' dir='ltr'>codices</span> <span class='ocrx_word' id='word_1_63' title='bbox 1137 1498 1183 1564; x_wconf 90' lang='lat' dir='ltr'>sic</span> <span class='ocrx_word' id='word_1_64' title='bbox 1201 1498 1424 1566; x_wconf 84' lang='lat' dir='ltr'>constituerat:</span> 
     </span>
     <span class='ocr_line' id='line_1_10' title="bbox 365 1607 1425 1702; baseline 0.001 -24"><span class='ocrx_word' id='word_1_65' title='bbox 365 1611 497 1702; x_wconf 76' lang='lat' dir='ltr'>»eregit</span> <span class='ocrx_word' id='word_1_66' title='bbox 526 1635 543 1676; x_wconf 89' lang='lat' dir='ltr'>a</span> <span class='ocrx_word' id='word_1_67' title='bbox 574 1611 645 1676; x_wconf 84' lang='lat' dir='ltr'>filio</span> <span class='ocrx_word' id='word_1_68' title='bbox 670 1610 767 1675; x_wconf 91' lang='lat' dir='ltr'>unico</span> <span class='ocrx_word' id='word_1_69' title='bbox 784 1631 903 1699; x_wconf 89' lang='lat' dir='ltr'>poenas</span> <span class='ocrx_word' id='word_1_70' title='bbox 922 1607 1040 1675; x_wconf 80' lang='lat' dir='ltr'>dubiae</span> <span class='ocrx_word' id='word_1_71' title='bbox 1060 1611 1226 1691; x_wconf 85' lang='lat' dir='ltr'>eastitatis;</span> <span class='ocrx_word' id='word_1_72' title='bbox 1251 1611 1278 1677; x_wconf 88' lang='lat' dir='ltr'>is</span> <span class='ocrx_word' id='word_1_73' title='bbox 1296 1634 1348 1679; x_wconf 86' lang='lat' dir='ltr'>eas</span> <span class='ocrx_word' id='word_1_74' title='bbox 1367 1634 1425 1702; x_wconf 83' lang='lat' dir='ltr'>po·</span> 
     </span>
     <span class='ocr_line' id='line_1_11' title="bbox 363 1722 1429 1818; baseline -0.001 -27"><span class='ocrx_word' id='word_1_75' title='bbox 363 1725 492 1818; x_wconf 87' lang='lat' dir='ltr'>pendit,</span> <span class='ocrx_word' id='word_1_76' title='bbox 516 1723 695 1791; x_wconf 77' lang='lat' dir='ltr'>uoluntario</span> <span class='ocrx_word' id='word_1_77' title='bbox 714 1745 837 1789; x_wconf 87' lang='lat' dir='ltr'>recessu</span> <span class='ocrx_word' id='word_1_78' title='bbox 855 1734 1062 1813; x_wconf 88' lang='lat' dir='ltr'>conspectum</span> <span class='ocrx_word' id='word_1_79' title='bbox 1080 1728 1189 1813; x_wconf 81' lang='lat' dir='ltr'>patris</span> <span class='ocrx_word' id='word_1_80' title='bbox 1205 1722 1367 1805; x_wconf 85' lang='lat' dir='ltr'>ritando&#39;&#39;,</span> <span class='ocrx_word' id='word_1_81' title='bbox 1383 1725 1429 1791; x_wconf 88' lang='lat' dir='ltr'>ita</span> 
     </span>
     <span class='ocr_line' id='line_1_12' title="bbox 366 1834 1429 1925; baseline -0.001 -21"><span class='ocrx_word' id='word_1_82' title='bbox 366 1851 403 1904; x_wconf 94' lang='lat' dir='ltr'>ut</span> <span class='ocrx_word' id='word_1_83' title='bbox 421 1838 506 1903; x_wconf 88' lang='lat' dir='ltr'>filius</span> <span class='ocrx_word' id='word_1_84' title='bbox 526 1838 560 1902; x_wconf 90' lang='lat' dir='ltr'>in</span> <span class='ocrx_word' id='word_1_85' title='bbox 581 1836 728 1903; x_wconf 82' lang='lat' dir='ltr'>exsilium</span> <span class='ocrx_word' id='word_1_86' title='bbox 757 1835 868 1914; x_wconf 80' lang='lat' dir='ltr'>iverit3</span> <span class='ocrx_word' id='word_1_87' title='bbox 898 1834 1048 1925; x_wconf 84' lang='lat' dir='ltr'>equidem</span> <span class='ocrx_word' id='word_1_88' title='bbox 1075 1834 1165 1901; x_wconf 91' lang='lat' dir='ltr'>illam</span> <span class='ocrx_word' id='word_1_89' title='bbox 1193 1835 1339 1903; x_wconf 85' lang='lat' dir='ltr'>nondum</span> <span class='ocrx_word' id='word_1_90' title='bbox 1360 1859 1429 1903; x_wconf 92' lang='lat' dir='ltr'>am·</span> 
     </span>
     <span class='ocr_line' id='line_1_13' title="bbox 365 1946 1433 2040; baseline 0 -24"><span class='ocrx_word' id='word_1_91' title='bbox 365 1951 488 2040; x_wconf 90' lang='lat' dir='ltr'>plector</span> <span class='ocrx_word' id='word_1_92' title='bbox 507 1950 707 2040; x_wconf 86' lang='lat' dir='ltr'>opinionem,</span> <span class='ocrx_word' id='word_1_93' title='bbox 731 1972 805 2014; x_wconf 90' lang='lat' dir='ltr'>nam</span> <span class='ocrx_word' id='word_1_94' title='bbox 823 1946 953 2013; x_wconf 81' lang='lat' dir='ltr'>aliunde</span> <span class='ocrx_word' id='word_1_95' title='bbox 969 1960 1093 2014; x_wconf 89' lang='lat' dir='ltr'>constat</span> <span class='ocrx_word' id='word_1_96' title='bbox 1106 1960 1228 2038; x_wconf 89' lang='lat' dir='ltr'>patrem</span> <span class='ocrx_word' id='word_1_97' title='bbox 1247 1949 1281 2014; x_wconf 87' lang='lat' dir='ltr'>iu</span> <span class='ocrx_word' id='word_1_98' title='bbox 1298 1949 1348 2015; x_wconf 88' lang='lat' dir='ltr'>ius</span> <span class='ocrx_word' id='word_1_99' title='bbox 1363 1968 1433 2017; x_wconf 83' lang='lat' dir='ltr'>esse</span> 
     </span>
     <span class='ocr_line' id='line_1_14' title="bbox 365 2061 1430 2154; baseline 0 -25"><span class='ocrx_word' id='word_1_100' title='bbox 365 2076 529 2143; x_wconf 88' lang='lat' dir='ltr'>rocatum,</span> <span class='ocrx_word' id='word_1_101' title='bbox 547 2086 612 2128; x_wconf 91' lang='lat' dir='ltr'>non</span> <span class='ocrx_word' id='word_1_102' title='bbox 625 2073 755 2153; x_wconf 85' lang='lat' dir='ltr'>propter</span> <span class='ocrx_word' id='word_1_103' title='bbox 770 2062 904 2128; x_wconf 87' lang='lat' dir='ltr'>abusum</span> <span class='ocrx_word' id='word_1_104' title='bbox 921 2062 1087 2153; x_wconf 70' lang='lat' dir='ltr'>petenatis</span> <span class='ocrx_word' id='word_1_105' title='bbox 1103 2084 1177 2127; x_wconf 91' lang='lat' dir='ltr'>suae</span> <span class='ocrx_word' id='word_1_106' title='bbox 1195 2061 1248 2128; x_wconf 86' lang='lat' dir='ltr'>sed</span> <span class='ocrx_word' id='word_1_107' title='bbox 1261 2073 1430 2154; x_wconf 83' lang='lat' dir='ltr'>propterea</span> 
     </span>
     <span class='ocr_line' id='line_1_15' title="bbox 365 2173 1434 2268; baseline 0.001 -26"><span class='ocrx_word' id='word_1_108' title='bbox 365 2176 453 2268; x_wconf 81' lang='lat' dir='ltr'>quod</span> <span class='ocrx_word' id='word_1_109' title='bbox 475 2176 651 2242; x_wconf 83' lang='lat' dir='ltr'>amicerum</span> <span class='ocrx_word' id='word_1_110' title='bbox 671 2174 841 2241; x_wconf 89' lang='lat' dir='ltr'>eonsilium</span> <span class='ocrx_word' id='word_1_111' title='bbox 861 2197 925 2240; x_wconf 90' lang='lat' dir='ltr'>non</span> <span class='ocrx_word' id='word_1_112' title='bbox 945 2173 1158 2256; x_wconf 87' lang='lat' dir='ltr'>adhibuisset;</span> <span class='ocrx_word' id='word_1_113' title='bbox 1171 2188 1296 2242; x_wconf 87' lang='lat' dir='ltr'>constat</span> <span class='ocrx_word' id='word_1_114' title='bbox 1313 2175 1434 2243; x_wconf 87' lang='lat' dir='ltr'>deinde</span> 
     </span>
     <span class='ocr_line' id='line_1_16' title="bbox 365 2286 1436 2378; baseline 0.001 -24"><span class='ocrx_word' id='word_1_115' title='bbox 365 2289 472 2354; x_wconf 85' lang='lat' dir='ltr'>tilium</span> <span class='ocrx_word' id='word_1_116' title='bbox 498 2290 606 2378; x_wconf 91' lang='lat' dir='ltr'>primo</span> <span class='ocrx_word' id='word_1_117' title='bbox 635 2310 689 2354; x_wconf 90' lang='lat' dir='ltr'>rus</span> <span class='ocrx_word' id='word_1_118' title='bbox 713 2288 890 2378; x_wconf 75' lang='lat' dir='ltr'>relegatum</span> <span class='ocrx_word' id='word_1_119' title='bbox 912 2309 993 2366; x_wconf 88' lang='lat' dir='ltr'>esse,</span> <span class='ocrx_word' id='word_1_120' title='bbox 1017 2286 1134 2353; x_wconf 87' lang='lat' dir='ltr'>deinde</span> <span class='ocrx_word' id='word_1_121' title='bbox 1154 2312 1172 2353; x_wconf 92' lang='lat' dir='ltr'>a</span> <span class='ocrx_word' id='word_1_122' title='bbox 1192 2287 1318 2357; x_wconf 85' lang='lat' dir='ltr'>duobus</span> <span class='ocrx_word' id='word_1_123' title='bbox 1335 2290 1436 2356; x_wconf 79' lang='lat' dir='ltr'>servir</span> 
     </span>
     <span class='ocr_line' id='line_1_17' title="bbox 367 2400 1435 2491; baseline 0.002 -24"><span class='ocrx_word' id='word_1_124' title='bbox 367 2413 535 2482; x_wconf 85' lang='lat' dir='ltr'>necatum3</span> <span class='ocrx_word' id='word_1_125' title='bbox 574 2402 619 2468; x_wconf 91' lang='lat' dir='ltr'>nil</span> <span class='ocrx_word' id='word_1_126' title='bbox 649 2400 736 2467; x_wconf 89' lang='lat' dir='ltr'>aliud</span> <span class='ocrx_word' id='word_1_127' title='bbox 766 2423 843 2490; x_wconf 78' lang='lat' dir='ltr'>ergo</span> <span class='ocrx_word' id='word_1_128' title='bbox 872 2412 1031 2491; x_wconf 79' lang='lat' dir='ltr'>superest,</span> <span class='ocrx_word' id='word_1_129' title='bbox 1064 2423 1161 2491; x_wconf 82' lang='lat' dir='ltr'>quam</span> <span class='ocrx_word' id='word_1_130' title='bbox 1191 2413 1227 2468; x_wconf 90' lang='lat' dir='ltr'>ut</span> <span class='ocrx_word' id='word_1_131' title='bbox 1256 2414 1435 2470; x_wconf 84' lang='lat' dir='ltr'>statuamus</span> 
     </span>
     <span class='ocr_line' id='line_1_18' title="bbox 363 2513 1167 2606; baseline 0 -26"><span class='ocrx_word' id='word_1_132' title='bbox 363 2527 488 2606; x_wconf 89' lang='lat' dir='ltr'>patrem</span> <span class='ocrx_word' id='word_1_133' title='bbox 507 2516 540 2580; x_wconf 87' lang='lat' dir='ltr'>in</span> <span class='ocrx_word' id='word_1_134' title='bbox 560 2515 704 2581; x_wconf 80' lang='lat' dir='ltr'>exsilium</span> <span class='ocrx_word' id='word_1_135' title='bbox 723 2513 837 2579; x_wconf 89' lang='lat' dir='ltr'>abiisse</span> <span class='ocrx_word' id='word_1_136' title='bbox 860 2513 931 2578; x_wconf 87' lang='lat' dir='ltr'>filio</span> <span class='ocrx_word' id='word_1_137' title='bbox 948 2513 1012 2579; x_wconf 90' lang='lat' dir='ltr'>iam</span> <span class='ocrx_word' id='word_1_138' title='bbox 1033 2524 1167 2580; x_wconf 89' lang='lat' dir='ltr'>mortuo.</span> 
     </span>
    </p>

    <p class='ocr_par' dir='ltr' id='par_1_6' title="bbox 368 2625 1443 3620">
     <span class='ocr_line' id='line_1_19' title="bbox 413 2625 1436 2720; baseline 0.003 -28"><span class='ocrx_word' id='word_1_139' title='bbox 413 2627 506 2718; x_wconf 76' lang='lat' dir='ltr'>[ungi</span> <span class='ocrx_word' id='word_1_140' title='bbox 531 2639 637 2720; x_wconf 83' lang='lat' dir='ltr'>potest</span> <span class='ocrx_word' id='word_1_141' title='bbox 662 2650 734 2693; x_wconf 85' lang='lat' dir='ltr'>cum</span> <span class='ocrx_word' id='word_1_142' title='bbox 755 2626 817 2692; x_wconf 89' lang='lat' dir='ltr'>bac</span> <span class='ocrx_word' id='word_1_143' title='bbox 837 2625 940 2705; x_wconf 86' lang='lat' dir='ltr'>fama,</span> <span class='ocrx_word' id='word_1_144' title='bbox 963 2625 1051 2716; x_wconf 88' lang='lat' dir='ltr'>qued</span> <span class='ocrx_word' id='word_1_145' title='bbox 1072 2625 1187 2694; x_wconf 80' lang='lat' dir='ltr'>Cicero</span> <span class='ocrx_word' id='word_1_146' title='bbox 1206 2639 1219 2678; x_wconf 86' lang='lat'>²</span> <span class='ocrx_word' id='word_1_147' title='bbox 1240 2627 1353 2709; x_wconf 88' lang='lat' dir='ltr'>tradit,</span> <span class='ocrx_word' id='word_1_148' title='bbox 1377 2629 1436 2695; x_wconf 88' lang='lat' dir='ltr'>ubi</span> 
     </span>
     <span class='ocr_line' id='line_1_20' title="bbox 368 2740 1438 2830; baseline 0.003 -24"><span class='ocrx_word' id='word_1_149' title='bbox 368 2742 464 2807; x_wconf 90' lang='lat' dir='ltr'>docet</span> <span class='ocrx_word' id='word_1_150' title='bbox 495 2763 560 2806; x_wconf 92' lang='lat' dir='ltr'>non</span> <span class='ocrx_word' id='word_1_151' title='bbox 589 2741 694 2807; x_wconf 90' lang='lat' dir='ltr'>solum</span> <span class='ocrx_word' id='word_1_152' title='bbox 723 2740 922 2830; x_wconf 89' lang='lat' dir='ltr'>postliminio</span> <span class='ocrx_word' id='word_1_153' title='bbox 949 2740 1019 2805; x_wconf 82' lang='lat' dir='ltr'>lieri</span> <span class='ocrx_word' id='word_1_154' title='bbox 1043 2741 1180 2809; x_wconf 78' lang='lat' dir='ltr'>civitatis</span> <span class='ocrx_word' id='word_1_155' title='bbox 1203 2743 1438 2824; x_wconf 73' lang='lat' dir='ltr'>mutationem,</span> 
     </span>
     <span class='ocr_line' id='line_1_21' title="bbox 370 2850 1437 2945; baseline 0.004 -26"><span class='ocrx_word' id='word_1_156' title='bbox 370 2875 479 2920; x_wconf 84' lang='lat' dir='ltr'>rerum</span> <span class='ocrx_word' id='word_1_157' title='bbox 509 2854 605 2919; x_wconf 88' lang='lat' dir='ltr'>etiam</span> <span class='ocrx_word' id='word_1_158' title='bbox 635 2851 809 2930; x_wconf 90' lang='lat' dir='ltr'>dicatione,</span> <span class='ocrx_word' id='word_1_159' title='bbox 838 2850 871 2918; x_wconf 89' lang='lat' dir='ltr'>id</span> <span class='ocrx_word' id='word_1_160' title='bbox 897 2864 963 2933; x_wconf 87' lang='lat' dir='ltr'>est,</span> <span class='ocrx_word' id='word_1_161' title='bbox 986 2852 1012 2918; x_wconf 88' lang='lat' dir='ltr'>si</span> <span class='ocrx_word' id='word_1_162' title='bbox 1031 2852 1211 2919; x_wconf 81' lang='lat' dir='ltr'>voluntarie</span> <span class='ocrx_word' id='word_1_163' title='bbox 1231 2855 1302 2945; x_wconf 84' lang='lat' dir='ltr'>quis</span> <span class='ocrx_word' id='word_1_164' title='bbox 1323 2857 1437 2923; x_wconf 86' lang='lat' dir='ltr'>transit</span> 
     </span>
     <span class='ocr_line' id='line_1_22' title="bbox 370 2964 1437 3056; baseline 0.004 -25"><span class='ocrx_word' id='word_1_165' title='bbox 370 2968 405 3031; x_wconf 89' lang='lat' dir='ltr'>in</span> <span class='ocrx_word' id='word_1_166' title='bbox 436 2965 530 3030; x_wconf 90' lang='lat' dir='ltr'>aliam</span> <span class='ocrx_word' id='word_1_167' title='bbox 559 2964 738 3044; x_wconf 83' lang='lat' dir='ltr'>civitatem,</span> <span class='ocrx_word' id='word_1_168' title='bbox 762 2966 814 3030; x_wconf 88' lang='lat' dir='ltr'>cui</span> <span class='ocrx_word' id='word_1_169' title='bbox 838 2988 870 3031; x_wconf 84' lang='lat' dir='ltr'>se</span> <span class='ocrx_word' id='word_1_170' title='bbox 893 2966 1011 3046; x_wconf 88' lang='lat' dir='ltr'>tradat,</span> <span class='ocrx_word' id='word_1_171' title='bbox 1044 2966 1160 3056; x_wconf 80' lang='lat' dir='ltr'>»quod</span> <span class='ocrx_word' id='word_1_172' title='bbox 1190 2967 1224 3033; x_wconf 91' lang='lat' dir='ltr'>in</span> <span class='ocrx_word' id='word_1_173' title='bbox 1254 2968 1437 3036; x_wconf 81' lang='lat' dir='ltr'>calamitate</span> 
     </span>
     <span class='ocr_line' id='line_1_23' title="bbox 371 3077 1439 3168; baseline 0.006 -26"><span class='ocrx_word' id='word_1_174' title='bbox 371 3077 553 3144; x_wconf 80' lang='lat' dir='ltr'>clarissimis</span> <span class='ocrx_word' id='word_1_175' title='bbox 579 3077 653 3145; x_wconf 75' lang='lat' dir='ltr'>airis</span> <span class='ocrx_word' id='word_1_176' title='bbox 684 3077 722 3162; x_wconf 81' lang='lat' dir='ltr'><strong>Q</strong></span> <span class='ocrx_word' id='word_1_177' title='bbox 751 3077 890 3144; x_wconf 84' lang='lat' dir='ltr'>Maximo</span> <span class='ocrx_word' id='word_1_178' title='bbox 922 3078 1002 3165; x_wconf 90' lang='grc'>(622</span> <span class='ocrx_word' id='word_1_179' title='bbox 1032 3090 1086 3145; x_wconf 89' lang='lat' dir='ltr'>aut</span> <span class='ocrx_word' id='word_1_180' title='bbox 1115 3081 1214 3168; x_wconf 83' lang='lat'>652),</span> <span class='ocrx_word' id='word_1_181' title='bbox 1244 3078 1281 3150; x_wconf 85' lang='lat' dir='ltr'>G.</span> <span class='ocrx_word' id='word_1_182' title='bbox 1304 3081 1439 3148; x_wconf 85' lang='lat' dir='ltr'>Laenati</span> 
     </span>
     <span class='ocr_line' id='line_1_24' title="bbox 372 3191 1439 3283; baseline 0.005 -26"><span class='ocrx_word' id='word_1_183' title='bbox 372 3192 464 3279; x_wconf 79' lang='lat' dir='ltr'>(ante</span> <span class='ocrx_word' id='word_1_184' title='bbox 484 3196 549 3261; x_wconf 81' lang='lat' dir='ltr'>cet</span> <span class='ocrx_word' id='word_1_185' title='bbox 569 3203 625 3258; x_wconf 92' lang='lat' dir='ltr'>aut</span> <span class='ocrx_word' id='word_1_186' title='bbox 644 3194 743 3281; x_wconf 86' lang='grc'>633),</span> <span class='ocrx_word' id='word_1_187' title='bbox 768 3191 805 3276; x_wconf 82' lang='lat' dir='ltr'>Q.</span> <span class='ocrx_word' id='word_1_188' title='bbox 824 3192 973 3283; x_wconf 87' lang='lat' dir='ltr'>Philippo</span> <span class='ocrx_word' id='word_1_189' title='bbox 994 3192 1093 3281; x_wconf 91' lang='lat' dir='ltr'>(cons.</span> <span class='ocrx_word' id='word_1_190' title='bbox 1112 3196 1177 3261; x_wconf 81' lang='grc'>668</span> <span class='ocrx_word' id='word_1_191' title='bbox 1196 3205 1251 3260; x_wconf 87' lang='lat' dir='ltr'>aut</span> <span class='ocrx_word' id='word_1_192' title='bbox 1269 3197 1349 3281; x_wconf 79' lang='grc'>685)</span> <span class='ocrx_word' id='word_1_193' title='bbox 1365 3194 1439 3262; x_wconf 88' lang='lat' dir='ltr'>Nu·</span> 
     </span>
     <span class='ocr_line' id='line_1_25' title="bbox 373 3303 1443 3398; baseline 0.001 -26"><span class='ocrx_word' id='word_1_194' title='bbox 373 3306 494 3384; x_wconf 86' lang='lat' dir='ltr'>ocriae,</span> <span class='ocrx_word' id='word_1_195' title='bbox 528 3303 562 3371; x_wconf 82' lang='lat'>0.</span> <span class='ocrx_word' id='word_1_196' title='bbox 593 3303 708 3371; x_wconf 81' lang='lat' dir='ltr'>catoni</span> <span class='ocrx_word' id='word_1_197' title='bbox 740 3305 833 3393; x_wconf 81' lang='grc'>(644)</span> <span class='ocrx_word' id='word_1_198' title='bbox 865 3305 1057 3385; x_wconf 81' lang='lat' dir='ltr'>Tarracone,</span> <span class='ocrx_word' id='word_1_199' title='bbox 1088 3305 1124 3390; x_wconf 81' lang='lat' dir='ltr'>Q.</span> <span class='ocrx_word' id='word_1_200' title='bbox 1150 3305 1303 3398; x_wconf 83' lang='lat' dir='ltr'>Caepioni</span> <span class='ocrx_word' id='word_1_201' title='bbox 1324 3307 1443 3397; x_wconf 77' lang='lat'><strong>(649),</strong></span> 
     </span>
     <span class='ocr_line' id='line_1_26' title="bbox 372 3416 1442 3507; baseline 0.004 -24"><span class='ocrx_word' id='word_1_202' title='bbox 372 3418 408 3485; x_wconf 85' lang='lat' dir='ltr'>P.</span> <span class='ocrx_word' id='word_1_203' title='bbox 437 3417 562 3484; x_wconf 87' lang='lat' dir='ltr'>Rutilio</span> <span class='ocrx_word' id='word_1_204' title='bbox 591 3417 683 3507; x_wconf 83' lang='lat'>(662)</span> <span class='ocrx_word' id='word_1_205' title='bbox 719 3416 873 3505; x_wconf 74' lang='lat' dir='ltr'>Smyrnae</span> <span class='ocrx_word' id='word_1_206' title='bbox 900 3418 1051 3485; x_wconf 83' lang='lat' dir='ltr'>accidisse</span> <span class='ocrx_word' id='word_1_207' title='bbox 1078 3417 1235 3501; x_wconf 79' lang='lat' dir='ltr'>ridirnus,</span> <span class='ocrx_word' id='word_1_208' title='bbox 1265 3432 1302 3485; x_wconf 90' lang='lat' dir='ltr'>ut</span> <span class='ocrx_word' id='word_1_209' title='bbox 1327 3443 1442 3487; x_wconf 88' lang='lat' dir='ltr'>earum</span> 
     </span>
     <span class='ocr_line' id='line_1_27' title="bbox 373 3531 817 3620; baseline -0.005 -22"><span class='ocrx_word' id='word_1_210' title='bbox 373 3531 540 3620; x_wconf 75' lang='lat' dir='ltr'>civitatum</span> <span class='ocrx_word' id='word_1_211' title='bbox 563 3531 677 3596; x_wconf 83' lang='lat' dir='ltr'>fierent</span> <span class='ocrx_word' id='word_1_212' title='bbox 700 3531 817 3598; x_wconf 81' lang='lat' dir='ltr'>cires.&#39;&#39;</span> 
     </span>
    </p>

    <p class='ocr_par' dir='ltr' id='par_1_7' title="bbox 374 3642 1446 4190">
     <span class='ocr_line' id='line_1_28' title="bbox 421 3642 1444 3736; baseline 0.005 -28"><span class='ocrx_word' id='word_1_213' title='bbox 421 3645 489 3710; x_wconf 79' lang='lat' dir='ltr'>Viri</span> <span class='ocrx_word' id='word_1_214' title='bbox 516 3644 604 3710; x_wconf 89' lang='lat' dir='ltr'>docti</span> <span class='ocrx_word' id='word_1_215' title='bbox 627 3642 706 3710; x_wconf 88' lang='lat' dir='ltr'>duos</span> <span class='ocrx_word' id='word_1_216' title='bbox 725 3644 880 3710; x_wconf 83' lang='lat' dir='ltr'>Marimos</span> <span class='ocrx_word' id='word_1_217' title='bbox 898 3644 1123 3736; x_wconf 83' lang='lat' dir='ltr'>protulerunt,</span> <span class='ocrx_word' id='word_1_218' title='bbox 1144 3646 1178 3711; x_wconf 87' lang='lat' dir='ltr'>in</span> <span class='ocrx_word' id='word_1_219' title='bbox 1199 3668 1282 3736; x_wconf 86' lang='lat' dir='ltr'>quos</span> <span class='ocrx_word' id='word_1_220' title='bbox 1302 3645 1365 3712; x_wconf 86' lang='lat' dir='ltr'>bec</span> <span class='ocrx_word' id='word_1_221' title='bbox 1384 3666 1444 3714; x_wconf 87' lang='lat' dir='ltr'>ca·</span> 
     </span>
     <span class='ocr_line' id='line_1_29' title="bbox 376 3755 1444 3848; baseline 0.001 -23"><span class='ocrx_word' id='word_1_222' title='bbox 376 3758 467 3825; x_wconf 87' lang='lat' dir='ltr'>deret</span> <span class='ocrx_word' id='word_1_223' title='bbox 501 3758 666 3837; x_wconf 80' lang='lat' dir='ltr'>exsiliom3</span> <span class='ocrx_word' id='word_1_224' title='bbox 699 3756 829 3847; x_wconf 72' lang='lat' dir='ltr'>Pighius</span> <span class='ocrx_word' id='word_1_225' title='bbox 853 3755 896 3824; x_wconf 88' lang='lat' dir='ltr'>de</span> <span class='ocrx_word' id='word_1_226' title='bbox 924 3758 1058 3824; x_wconf 79' lang='lat' dir='ltr'>Eburno</span> <span class='ocrx_word' id='word_1_227' title='bbox 1084 3759 1253 3848; x_wconf 78' lang='lat' dir='ltr'>cogitavit,</span> <span class='ocrx_word' id='word_1_228' title='bbox 1286 3760 1368 3825; x_wconf 84' lang='lat' dir='ltr'>alius</span> <span class='ocrx_word' id='word_1_229' title='bbox 1398 3759 1444 3826; x_wconf 93' lang='lat' dir='ltr'>de</span> 
     </span>
     <span class='ocr_line' id='line_1_30' title="bbox 374 3870 1442 3964; baseline 0.003 -26"><span class='ocrx_word' id='word_1_230' title='bbox 374 3892 493 3964; x_wconf 73' lang='lat' dir='ltr'>genero</span> <span class='ocrx_word' id='word_1_231' title='bbox 522 3872 557 3938; x_wconf 80' lang='lat' dir='ltr'>P.</span> <span class='ocrx_word' id='word_1_232' title='bbox 588 3870 712 3961; x_wconf 84' lang='lat' dir='ltr'>Rupilii</span> <span class='ocrx_word' id='word_1_233' title='bbox 744 3871 830 3959; x_wconf 83' lang='lat'>(50),</span> <span class='ocrx_word' id='word_1_234' title='bbox 864 3870 921 3962; x_wconf 90' lang='lat' dir='ltr'>qui</span> <span class='ocrx_word' id='word_1_235' title='bbox 949 3871 1214 3939; x_wconf 86' lang='lat' dir='ltr'>Tauromenitana</span> <span class='ocrx_word' id='word_1_236' title='bbox 1234 3895 1306 3940; x_wconf 88' lang='lat' dir='ltr'>arce</span> <span class='ocrx_word' id='word_1_237' title='bbox 1326 3874 1442 3941; x_wconf 88' lang='lat' dir='ltr'>amissa</span> 
     </span>
     <span class='ocr_line' id='line_1_31' title="bbox 376 3983 1443 4076; baseline 0.001 -25"><span class='ocrx_word' id='word_1_238' title='bbox 376 3990 442 4051; x_wconf 83' lang='lat'>622</span> <span class='ocrx_word' id='word_1_239' title='bbox 462 3985 623 4076; x_wconf 82' lang='lat' dir='ltr'>provincia</span> <span class='ocrx_word' id='word_1_240' title='bbox 641 3983 795 4049; x_wconf 88' lang='lat' dir='ltr'>decedere</span> <span class='ocrx_word' id='word_1_241' title='bbox 814 3984 914 4050; x_wconf 86' lang='lat' dir='ltr'>iussus</span> <span class='ocrx_word' id='word_1_242' title='bbox 937 3996 984 4050; x_wconf 87' lang='lat' dir='ltr'>est</span> <span class='ocrx_word' id='word_1_243' title='bbox 1008 3996 1020 4034; x_wconf 79' lang='lat'>³</span> <span class='ocrx_word' id='word_1_244' title='bbox 1042 4008 1059 4048; x_wconf 90' lang='lat' dir='ltr'>a</span> <span class='ocrx_word' id='word_1_245' title='bbox 1079 4008 1186 4052; x_wconf 88' lang='lat' dir='ltr'>socero</span> <span class='ocrx_word' id='word_1_246' title='bbox 1203 3986 1340 4053; x_wconf 82' lang='lat' dir='ltr'>consulo.</span> <span class='ocrx_word' id='word_1_247' title='bbox 1370 3985 1443 4052; x_wconf 90' lang='lat' dir='ltr'>Nec</span> 
     </span>
     <span class='ocr_line' id='line_1_32' title="bbox 375 4096 1446 4190; baseline 0.004 -28"><span class='ocrx_word' id='word_1_248' title='bbox 375 4121 451 4164; x_wconf 83' lang='lat' dir='ltr'>aero</span> <span class='ocrx_word' id='word_1_249' title='bbox 473 4096 659 4188; x_wconf 79' lang='lat' dir='ltr'>Pigbianam</span> <span class='ocrx_word' id='word_1_250' title='bbox 679 4098 868 4164; x_wconf 86' lang='lat' dir='ltr'>sententiam</span> <span class='ocrx_word' id='word_1_251' title='bbox 887 4097 1038 4189; x_wconf 89' lang='lat' dir='ltr'>amplecti</span> <span class='ocrx_word' id='word_1_252' title='bbox 1053 4097 1181 4179; x_wconf 88' lang='lat' dir='ltr'>dubito;</span> <span class='ocrx_word' id='word_1_253' title='bbox 1203 4100 1307 4190; x_wconf 89' lang='lat' dir='ltr'>primo</span> <span class='ocrx_word' id='word_1_254' title='bbox 1326 4098 1446 4166; x_wconf 83' lang='lat' dir='ltr'>Cicero</span> 
     </span>
    </p>
   </div>
   <div class='ocr_carea' id='block_1_5' title="bbox 368 4374 1450 4528">
    <p class='ocr_par' dir='ltr' id='par_1_8' title="bbox 368 4374 1450 4528">
     <span class='ocr_line' id='line_1_33' title="bbox 399 4374 1450 4449; baseline 0 -20"><span class='ocrx_word' id='word_1_255' title='bbox 399 4377 420 4444; x_wconf 86' lang='grc' dir='ltr'>Ι)</span> <span class='ocrx_word' id='word_1_256' title='bbox 437 4378 498 4429; x_wconf 82' lang='lat' dir='ltr'>Vel.</span> <span class='ocrx_word' id='word_1_257' title='bbox 515 4379 587 4429; x_wconf 76' lang='lat' dir='ltr'>Mori.</span> <span class='ocrx_word' id='word_1_258' title='bbox 605 4379 654 4430; x_wconf 84' lang='lat' dir='ltr'>VI.</span> <span class='ocrx_word' id='word_1_259' title='bbox 675 4383 697 4430; x_wconf 88' lang='lat' dir='ltr'>t.</span> <span class='ocrx_word' id='word_1_260' title='bbox 717 4382 741 4428; x_wconf 82' lang='grc'>6.</span> <span class='ocrx_word' id='word_1_261' title='bbox 792 4374 976 4447; x_wconf 70' lang='grc' dir='ltr'>2)Ρν613ει16.</span> <span class='ocrx_word' id='word_1_262' title='bbox 1001 4381 1111 4444; x_wconf 62' lang='grc'>11526.</span> <span class='ocrx_word' id='word_1_263' title='bbox 1160 4378 1317 4449; x_wconf 72' lang='lat' dir='ltr'>³)Ct0ap.</span> <span class='ocrx_word' id='word_1_264' title='bbox 1334 4381 1450 4444; x_wconf 66' lang='lat' dir='ltr'>xtn54</span> 
     </span>
     <span class='ocr_line' id='line_1_34' title="bbox 368 4464 711 4528; baseline -0.006 -14"><span class='ocrx_word' id='word_1_265' title='bbox 368 4464 443 4516; x_wconf 85' lang='lat' dir='ltr'>buius</span> <span class='ocrx_word' id='word_1_266' title='bbox 459 4464 545 4526; x_wconf 87' lang='lat' dir='ltr'>Libri,</span> <span class='ocrx_word' id='word_1_267' title='bbox 563 4479 588 4528; x_wconf 91' lang='lat' dir='ltr'>p.</span> <span class='ocrx_word' id='word_1_268' title='bbox 606 4469 665 4513; x_wconf 82' lang='lat'>403.</span> <span class='ocrx_word' id='word_1_269' title='bbox 708 4488 711 4495; x_wconf 67' lang='lat'>=</span> 
     </span>
    </p>
   </div>
   <div class='ocr_carea' id='block_1_6' title="bbox 0 0 1614 5304">
    <p class='ocr_par' dir='ltr' id='par_1_9' title="bbox 0 0 1614 5304">
     <span class='ocr_line' id='line_1_35' title="bbox 0 0 1614 5304; baseline 0 0"><span class='ocrx_word' id='word_1_270' title='bbox 0 0 1614 5304; x_wconf 95' lang='lat' dir='ltr'> </span> 
     </span>
    </p>
   </div>
  </div>
 </body>
</html>
