3190 5304
290 457 312 539 5
335 457 362 521 l.
384 475 579 521 canussocrr.
600 456 622 538 5
642 458 672 519 2.
692 474 842 521 otrannus
864 476 1059 522 annoaaocuu
1079 461 1150 524 691.
1203 459 1263 522 426

193 650 293 721 babeo
313 676 350 719 er
368 665 459 744 patre
479 651 549 741 (53)
573 649 778 732 exheredato,
801 651 842 719 de
865 674 930 744 quo
950 654 1048 722 modo
1069 653 1206 725 vidimus
1225 666 1255 736 ¹,

189 784 246 831 nec
264 763 358 833 aliter
376 763 558 839 llaalrbium
577 764 718 855 posuisse
739 763 842 831 rideo.

391 949 409 1033 §
429 951 460 1014 2.
508 945 682 1012 Patronus
704 944 917 1036 Allobrogum
940 949 1003 1011 691
1021 957 1046 1015 ².

231 1103 317 1173 llaec
335 1103 519 1194 genealogia
540 1127 575 1171 aa
596 1103 782 1195 praesertim
802 1104 841 1173 de
860 1125 954 1170 causa
978 1105 1250 1188 recommendat,

184 1217 271 1307 quorl
292 1218 377 1287 idem
399 1230 506 1285 noster
526 1216 561 1302 Q.
576 1217 632 1283 ille
643 1217 762 1284 Fabius
781 1215 884 1307 Sanga
904 1217 1000 1284 luisse
1019 1217 1173 1300 rideatur,
1194 1219 1250 1310 qui

184 1343 334 1421 patronus
350 1331 561 1422 Allobrogum
576 1330 830 1399 coniurationem
849 1328 1063 1413 Catilinariarn
1081 1332 1249 1422 evulgavit.

182 1441 334 1535 Sequitur
357 1444 442 1511 enim
462 1467 500 1513 er
516 1456 725 1536 patronorum
745 1444 868 1511 ratione
887 1441 1038 1533 Sangam,
1070 1444 1161 1510 cuius
1189 1469 1250 1510 no·

184 1557 277 1625 minis
316 1557 470 1647 originem
499 1570 532 1623 et
560 1557 826 1648 significationem
855 1557 1052 1648 ignoramus,
1086 1580 1185 1631 unum
1214 1582 1252 1626 ex

185 1669 381 1759 Allobrogici
400 1670 533 1765 posteris
552 1670 658 1739 luisse.
692 1670 873 1741 invaluerat
893 1694 1008 1762 nempe
1022 1670 1108 1762 apud
1129 1671 1250 1738 Roma·

184 1805 256 1862 nos,
277 1795 311 1850 ut
327 1784 471 1851 ciuitates
490 1784 633 1850 devictae
648 1784 687 1850 iis
703 1796 869 1851 uterentur
887 1786 1028 1875 patronis
1050 1796 1074 1865 ³,
1098 1785 1250 1875 aquibus

182 1895 216 1965 in
233 1895 329 1965 fidam
346 1910 491 1988 reseptos
508 1896 601 1963 idest
618 1896 768 1965 subactae
787 1908 906 1976 essent,
927 1897 1014 1987 qnod
1035 1899 1251 1988 patrocinium

184 2007 217 2074 in
236 2031 297 2081 nna
315 2009 492 2100 eademque
519 2009 638 2077 familia
654 2007 862 2099 perdurabat:
884 2009 929 2074 sic
945 2009 1161 2077 Bononienses
1180 2010 1252 2079 lue.

182 2135 257 2191 runt
276 2122 308 2191 iu
329 2123 488 2211 Augustit
506 2122 671 2201 clientela,
691 2120 936 2189 Lacedaemonii
950 2122 981 2187 in
1001 2119 1250 2202 Claudiorum,

181 2234 349 2305 Puteolani
370 2236 402 2302 in
426 2234 604 2302 Cassiorum
625 2244 655 2314 ⁰,
678 2232 781 2301 Siculi
803 2233 836 2298 in
858 2231 1099 2313 Marcellorum,
1124 2233 1251 2325 Scipio·

181 2372 277 2429 num,
311 2348 513 2417 Metellorum
543 2361 574 2425 ⁷,
608 2347 651 2413 sic
677 2347 864 2436 Allobroges
888 2369 905 2410 a
933 2344 969 2430 Q.
990 2346 1091 2412 Fabio
1113 2346 1251 2415 Maximo

184 2463 257 2546 (50)
276 2460 400 2529 subacti
428 2484 512 2527 anno
539 2465 624 2541 633,
645 2459 821 2550 plurimum
842 2458 1015 2527 utebantur
1033 2458 1175 2525 Fabiano
1193 2484 1251 2551 pa·

179 2574 331 2652 trooinio,
355 2572 438 2663 apud
461 2596 540 2663 quos
561 2572 601 2637 ab
619 2595 657 2638 eo
678 2570 753 2638 inde
776 2583 918 2662 tempore
940 2594 1057 2637 nomen
1077 2571 1159 2639 illud
1181 2588 1248 2641 erat

177 2688 425 2778 amplissimum,
462 2709 679 2778 magnumque
709 2685 859 2753 solatium
889 2697 1001 2751 contra
1031 2685 1247 2755 Romanorum

181 2801 420 2892 oppressionem
442 2801 475 2866 in
492 2800 665 2891 provincia.

226 2913 320 2980 Anno
349 2918 409 2979 691
445 2913 556 2981 eadem
585 2912 625 2978 de
656 2934 748 2979 causa
776 2910 873 3002 legati
894 2911 1105 3003 Allobrogum
1125 2912 1247 2979 Romae

178 3026 354 3117 degebant,
373 3025 413 3092 de
422 3026 553 3095 avaritia
565 3026 807 3116 magistratuum
827 3037 1010 3116 querentes,
1031 3026 1087 3116 qui
1104 3025 1143 3091 de
1161 3050 1248 3094 more

178 3137 217 3222 Q.
238 3137 373 3203 Fabium
393 3136 529 3227 Sangam
549 3137 706 3205 adierunt.
755 3135 911 3220 Quintum
932 3135 1083 3226 Sangam,
1107 3137 1249 3227 inquam,

177 3262 215 3317 ut
234 3261 358 3316 constat
378 3273 415 3319 er
435 3247 587 3319 Sallustio
605 3262 639 3317 et
657 3248 811 3317 Cicerone
830 3264 859 3330 ⁸,
877 3249 934 3316 ubi
952 3273 1025 3317 enm
1044 3250 1081 3316 L.
1099 3250 1247 3321 Pisonem

176 3362 386 3455 deprecatum
406 3387 473 3430 assa
494 3362 586 3442 dicit,
610 3363 818 3454 quodquam
839 3363 882 3429 ita
904 3362 959 3442 sit,
982 3386 1046 3427 non
1068 3361 1245 3432 audiendus

175 3489 225 3549 est
256 3476 387 3575 Tbierrg
419 3491 450 3556 ⁹,
484 3478 541 3567 qui
571 3489 774 3566 praepostere
806 3475 947 3543 Marcum
978 3474 1075 3545 luisse
1101 3488 1247 3545 nostrum

176 3589 316 3679 scripsit,
335 3613 453 3659 nomen
475 3601 508 3656 et
526 3613 682 3681 agnomen
703 3590 802 3659 nostri
818 3589 953 3663 miscens
967 3610 1042 3654 cnm
1061 3601 1242 3659 accusatore

175 3701 312 3771 Fonteii.
358 3701 401 3767 Μ.
424 3703 576 3777 Fonteius
604 3725 734 3793 nempe,
766 3700 864 3768 redux
883 3724 919 3769 er
939 3701 1104 3792 prouincia
1125 3701 1244 3782 Gallia,

173 3837 273 3905 quam
293 3826 422 3904 praetor
441 3838 499 3906 par
518 3816 689 3885 triennium
716 3825 879 3895 tenuerat,
902 3838 921 3882 a
950 3813 1108 3880 Plaetorio
1135 3815 1169 3880 in
1195 3815 1244 3883 ius

174 3938 223 3993 est
242 3939 369 3996 vocatus
394 3929 486 4017 (685)
507 3927 593 4019 quod
613 3927 811 4019 provinciam
833 3938 1045 4018 oppresserat,
1069 3940 1101 3993 et
1126 3950 1243 4018 quaes·

206 4183 226 4251 ¹)
243 4185 283 4237 Ol.
301 4184 363 4250 Cap.
381 4200 429 4236 xru
445 4186 520 4235 huius
537 4185 623 4244 Libri,
640 4199 665 4247 p.
684 4187 743 4232 ota.
796 4178 817 4245 ²)
834 4182 888 4234 Sal.
912 4179 966 4233 Cat.
977 4182 1070 4247 tlon
1089 4183 1157 4247 App.
1173 4181 1207 4234 B.
1222 4180 1249 4234 G.

166 4271 205 4321 11.
224 4277 249 4321 4.
300 4266 322 4341 ³)
339 4270 392 4321 Cic.
409 4268 542 4343 dooffil.
563 4273 591 4319 11
611 4263 1189 4334 gamapp.B.c.11.4;Dion.11at.11.
1209 4274 1249 4321 11.

165 4353 187 4420 ⁴)
206 4355 277 4407 Suet.
300 4352 365 4419 Aug.
393 4359 431 4405 17.
519 4350 540 4418 ⁵)
558 4354 628 4405 Suet.
651 4350 705 4403 Tib.
728 4357 754 4402 6.
842 4348 862 4417 6)
879 4351 932 4403 cio.
956 4351 1081 4403 Pttt11.
1106 4358 1136 4402 41
1158 4353 1247 4418 6167.

164 4437 187 4508 ⁷)
204 4439 257 4491 Cic.
275 4433 300 4488 io
321 4436 390 4488 Coeo.
411 4444 422 4488 l
442 4440 455 4504 6
473 4444 503 4499 2,
526 4439 610 4504 ibique
625 4439 667 4490 Ps.
682 4439 776 4491 Ancon.
792 4454 816 4503 p.
836 4442 884 4489 100
894 4436 939 4490 Or.
991 4433 1246 4505 ⁸lloPia31§77.

162 4520 564 4592 gmmmmm
