3154 5294
736 1011 935 1104 nrssun
972 1011 1021 1104 ll.

703 1209 827 1271 utun
855 1211 1063 1272 tbssbstl.

775 1465 987 1495 ..000—

667 1721 669 1725 «
753 1669 939 1742 CAPUT
973 1669 1001 1743 Ι.

488 1864 629 1926 curuans
653 1865 769 1914 ramus
793 1867 827 1914 rr.
852 1865 879 1914 r.
905 1866 933 1925 o.
959 1866 989 1911 n.
1014 1863 1185 1912 auousrus
1211 1846 1267 1935 (9).

723 2047 740 2129 ᾗ
767 2050 794 2109 1.
845 2042 1037 2134 Cognomen.

394 2239 455 2305 llic
476 2263 576 2306 novae
596 2240 736 2306 familiae
756 2240 846 2305 locus
866 2252 928 2317 est,
951 2240 1048 2329 primi
1066 2241 1152 2305 enim
1173 2239 1321 2307 Ambusti
1339 2262 1415 2329 cog·

346 2353 477 2419 nomine
505 2354 609 2418 ornati
638 2364 711 2418 sunt
741 2363 804 2416 tres
823 2351 871 2416 illi
891 2350 1002 2416 fratres
1028 2353 1081 2437 (9,
1105 2355 1160 2428 10,
1184 2356 1254 2436 11),
1276 2372 1413 2441 quorum

347 2465 502 2531 maximus
523 2477 600 2530 natu
619 2464 710 2530 hicce
731 2463 883 2548 Quintus,
914 2475 947 2527 ut
969 2463 1078 2553 paucis
1097 2464 1241 2528 evincere
1261 2463 1412 2530 conabor.

346 2575 385 2641 ln
421 2579 523 2644 multa
552 2579 614 2644 alia
654 2579 710 2645 riri
741 2578 832 2642 doctiv
858 2576 1084 2655 discesserunt,
1116 2576 1171 2642 sed
1203 2600 1273 2642 mea
1305 2578 1415 2668 opinio

348 2688 497 2754 Ambusti
518 2688 667 2753 vocabuli
686 2688 897 2777 explicatione
916 2690 1099 2778 praesertim
1116 2689 1238 2754 nititur⁴
1277 2688 1414 2757 Ambus·

345 2814 398 2866 tus
430 2823 546 2891 nempe
577 2802 661 2891 apud
690 2813 811 2865 veteres
829 2801 854 2865 is
874 2802 1024 2866 translate
1045 2801 1224 2880 dicebatur,
1248 2803 1305 2892 qui
1325 2804 1414 2892 gravi

345 2913 480 2979 erimine
513 2912 675 3004 (capitali,
710 2927 745 2978 nt
774 2913 965 3003 quibusdam
998 2913 1136 3004 ridetur)
1169 2915 1333 2982 accusatus
1362 2916 1413 2981 rix

345 3026 465 3091 iudicio
490 3025 644 3105 elabitur3
676 3025 737 3093 hoc
770 3026 865 3092 docet
886 3026 968 3092 Livii
992 3038 1002 3076 ¹
1027 3026 1133 3092 locus:
1170 3051 1191 3092 u
1200 3027 1235 3092 L.
1258 3028 1414 3094 Aemilius

345 3139 482 3218 Paulus,
516 3140 573 3230 qni
603 3161 675 3206 cum
706 3141 749 3207 Μ.
780 3140 870 3207 Livio
901 3140 1013 3206 consul
1040 3141 1144 3206 fuerat
1169 3164 1253 3206 anno
1273 3146 1355 3219 535,
1380 3155 1414 3207 et

344 3253 550 3319 damnatione
585 3253 726 3343 collegae
759 3266 791 3319 et
821 3277 876 3319 sna
904 3276 1005 3344 prope
1036 3256 1207 3319 ambustus
1235 3259 1414 3330 eraserat;'’

344 3389 428 3457 quae
455 3367 615 3432 accusatio
644 3367 747 3457 qualis
776 3367 873 3433 fuerit
891 3380 1022 3457 propter
1042 3367 1194 3433 Livianae
1213 3367 1341 3433 decadis
1362 3392 1413 3435 se·

344 3477 469 3545 cnudae
496 3477 661 3545 interitum
693 3480 783 3548 latet,
830 3478 961 3547 Certant
983 3481 1171 3571 interpretes
1195 3493 1302 3546 utrum
1324 3480 1413 3547 idem

342 3591 425 3659 illud
457 3591 557 3658 subsit
578 3592 683 3658 verbis
709 3591 871 3659 Ciceronis
900 3605 930 3658 2:
964 3592 1092 3658 »huius
1121 3595 1259 3661 ambusti
1289 3594 1412 3661 tribuni

342 3705 445 3797 plebis
464 3706 694 3772 intermortuae
709 3707 910 3785 conciones'',
932 3705 972 3771 ad
988 3729 1085 3797 quem
1104 3707 1212 3773 locum
1230 3707 1410 3774 Asconius³

342 3827 490 3886 annotat:
521 3817 580 3883 >›T.
600 3816 734 3885 Munatii
755 3816 880 3894 Planci,
911 3816 968 3905 qui
988 3838 1087 3906 quum
1107 3817 1352 3885 concionaretur
1371 3844 1409 3887 eo

342 3936 412 4025 ipso
442 3944 603 4022 tempore,
633 3953 698 4021 quo
729 3942 861 4022 propter
889 3942 1066 3998 crematum
1088 3929 1195 3998 Clodii
1214 3954 1330 4024 corpus
1352 3956 1408 4000 cu·

342 4051 388 4115 ria
418 4045 639 4136 conflagravit,
671 4067 735 4110 non
773 4044 861 4134 prius
892 4042 1031 4122 destitit,
1059 4067 1156 4134 qnam
1181 4046 1310 4113 flamma
1343 4049 1407 4114 eius

341 4160 481 4227 incendii
510 4159 635 4248 fugatus
664 4181 682 4222 e
713 4158 907 4237 concione'';
937 4155 1060 4222 ridetur
1085 4179 1160 4246 ergo
1187 4171 1331 4225 constare
1354 4184 1407 4226 eos

341 4298 412 4342 vera
444 4274 573 4339 flamma
601 4295 701 4363 prope
729 4283 815 4337 ustos
845 4272 908 4337 sire
939 4269 1101 4336 ambustos
1130 4271 1324 4354 discessisse,
1349 4297 1407 4342 nec

370 4528 390 4595 u
408 4527 500 4579 xxrr.
519 4530 561 4577 aa.
632 4519 652 4589 ²)
671 4522 725 4573 Pro
744 4522 799 4575 uu.
819 4530 833 4574 5
854 4526 869 4588 s
890 4530 929 4574 n.
999 4521 1019 4592 ⁵)
1037 4525 1100 4588 rag.
1119 4529 1166 4587 aa,
1183 4525 1222 4576 eo,
1242 4524 1285 4577 or.
