3194 5302
237 446 543 500 neminemnam.
556 429 785 511 vraucssosffi).
802 430 1188 513 §Zurenmmdbmdbm
1209 432 1248 493 ot

180 625 399 716 gislationem,
417 647 492 693 nem
507 623 625 693 Fabius
640 624 764 693 etiamsi
781 647 798 691 a
811 623 902 691 Livio
915 638 923 677 ¹
945 625 1082 693 traditur
1099 626 1246 718 princeps

178 739 273 805 fuisse
297 739 489 816 interillos,
513 738 563 804 rix
583 737 759 830 quidquam
781 738 988 806 memorabile
1009 740 1120 830 gessit,
1138 761 1244 832 neque

177 852 238 918 fuit
267 853 354 918 inter
381 853 486 942 legum
516 852 650 931 latores,
681 853 802 944 quippe
830 852 886 943 qui
920 853 953 918 in
982 852 1085 920 altero
1116 865 1242 919 tautum

177 964 393 1035 decemviratu
419 965 576 1043 occurrit,
606 967 715 1056 quiin
737 978 924 1057 sequentem
944 988 1064 1033 annum
1086 979 1243 1035 extractus

176 1090 237 1157 est,
263 1077 349 1143 unde
373 1089 479 1143 noster
499 1100 517 1143 a
537 1076 731 1168 quibusdam
751 1078 871 1145 dicitur
893 1079 971 1147 Xrir
989 1078 1048 1147 his.

218 1189 367 1257 Dubitari
390 1202 512 1281 posset,
540 1200 647 1257 utrum
673 1189 726 1259 bic
748 1191 784 1275 Q.
805 1192 924 1258 Fabius
949 1191 1036 1259 idem
1057 1204 1155 1271 esset,
1184 1194 1241 1284 qui

174 1304 293 1371 iam17
312 1302 404 1371 ennis
423 1314 496 1369 unte
517 1302 647 1370 functus
667 1316 714 1370 eat
734 1305 922 1384 consulatu,
942 1305 1003 1371 nisi
1017 1305 1102 1395 apud
1117 1304 1239 1394 Diony·

174 1417 252 1483 sium
276 1429 290 1469 ²
325 1415 467 1482 Valerius
496 1415 702 1485 induceretur
725 1417 861 1484 Fabium
882 1418 1081 1510 compellens
1110 1420 1144 1485 cl
1171 1420 1239 1483 lm-

171 1534 348 1609 καλοῦαακ,
373 1529 477 1608 Φάβιε
504 1530 700 1608 Οκίβοολανὲ
724 1529 850 1599 Κόιντε,
881 1534 932 1597 τὸν
962 1532 1014 1596 leri
1044 1539 1116 1604 ταῖς
1142 1530 1239 1612 τρισὶν

172 1642 336 1716 ὑπατείαις
360 1643 581 1721 κοσμούμενον.

214 1755 340 1846 Populo
359 1766 467 1846 gratus
482 1754 587 1821 iuerat
603 1753 636 1819 in
652 1754 888 1834 consulatibus,
903 1778 1004 1846 quum
1021 1754 1158 1821 tribunis
1172 1776 1239 1820 non

171 1890 242 1935 cum
258 1870 292 1935 in
314 1867 445 1935 modum
467 1867 655 1944 obstitisset,
676 1889 742 1958 quo
760 1867 896 1936 vidimus
915 1868 956 1935 de
973 1868 1144 1936 maioribus
1164 1890 1238 1934 nos·

174 1982 227 2060 tri;
250 1980 304 2046 ubi
326 2004 399 2047 sero
415 1981 448 2045 in
462 1979 716 2047 decemvirorum
727 1981 900 2072 collegium
915 1982 1048 2049 allectus
1068 1994 1134 2061 est,
1150 1980 1244 2072 plebi.

170 2096 288 2163 inrisus
308 2118 376 2161 esse
395 2095 518 2186 coepit,
538 2107 574 2161 ut
594 2093 737 2162 historici
754 2094 900 2173 trudunt,
920 2096 1038 2186 quibus
1058 2094 1238 2161 firmissima

171 2221 235 2274 erat
268 2207 378 2300 opinio
407 2208 605 2277 decemviros
633 2208 756 2299 populo
784 2207 910 2274 odiosos
937 2208 1049 2287 fuisse3
1077 2229 1173 2298 quam
1195 2206 1238 2271 ob

171 2344 294 2389 causam
316 2322 383 2391 eius
402 2345 508 2389 mores
528 2322 645 2388 mutati
665 2345 733 2388 esse
748 2320 906 2388 feruntur.
937 2320 1032 2412 Apud
1049 2318 1238 2408 Dionysium

170 2457 232 2503 non
259 2436 409 2525 princeps
439 2433 631 2500 describitur
659 2433 693 2498 in
720 2432 925 2499 decemvirali
943 2431 1170 2510 contentione,
1194 2432 1236 2497 si·

171 2547 300 2638 quidem
325 2547 420 2613 rerba
449 2546 619 2613 facientem
641 2567 816 2636 numquam
837 2566 910 2611 eum
928 2544 1108 2624 induxerit,
1131 2544 1196 2609 imo
1217 2569 1237 2610 a

169 2661 293 2729 Valerio
312 2661 464 2729 inritatus
483 2671 519 2726 ut
538 2660 726 2727 concionem
746 2657 894 2736 haberet,
914 2658 1045 2733 desidum
1060 2657 1143 2723 οὐδὲν
1156 2658 1237 2722 airo-

169 2775 350 2856 κρινόμενος.

209 2877 327 2954 Nullus
356 2887 423 2952 fere
451 2907 552 2950 annus
580 2885 648 2950 sine
675 2883 763 2950 bello
790 2882 954 2973 praeteriit
978 2879 1062 2971 apud
1084 2880 1234 2947 Martium

168 3000 341 3090 populum,
364 3020 469 3090 neque
489 3019 565 3087 ergo
581 2999 662 3075 304,
682 3018 747 3086 quo
766 2995 889 3062 etiamsi
906 2993 955 3061 six
972 2993 1094 3084 aliquid
1111 3015 1234 3059 memo·

168 3112 266 3179 rabile
295 3123 422 3202 gestum
449 3111 505 3190 sit,
537 3122 645 3177 tamen
670 3109 778 3200 copias
803 3107 978 3175 decemviri
999 3106 1142 3173 eduxisse
1169 3116 1236 3170 tra·

168 3225 301 3305 duntur3
324 3225 357 3293 in
378 3223 513 3291 Sabinos
533 3222 571 3307 Q.
590 3223 726 3303 Fabius,
746 3220 783 3306 Q.
805 3220 980 3298 Poetelius,
1000 3219 1043 3287 Μ’
1060 3217 1235 3284 Rabuleius

167 3350 227 3407 tres
249 3337 406 3405 duxerunt
426 3336 588 3415 cohortem
613 3337 693 3426 App.
713 3333 867 3401 Claudius
884 3345 916 3398 et
937 3330 992 3422 Sp.
1016 3329 1140 3422 Oppius
1157 3351 1234 3397 cum

166 3448 288 3515 duabus
308 3447 494 3513 cohortibus
512 3448 634 3513 Romae
648 3460 848 3524 manserunt,
866 3445 1010 3535 reliquae
1025 3443 1148 3510 bellum
1169 3445 1234 3511 Ae·

165 3563 234 3653 quis
265 3560 454 3626 intulerunt.
501 3558 564 3625 Sed
593 3560 689 3626 militi
719 3559 828 3626 deerat
856 3558 1000 3624 bellandi
1019 3556 1157 3648 cupido,
1182 3559 1232 3624 rix

166 3676 341 3767 quidquam
365 3686 470 3739 actum
492 3686 558 3753 est,
582 3673 656 3739 data
677 3695 772 3763 opera
795 3671 917 3737 scilicet
938 3671 1161 3749 vincebantur,
1191 3693 1232 3735 ne

164 3789 297 3855 istorum
316 3788 436 3854 ducum
456 3786 603 3878 auspiciis
618 3784 741 3876 aliquid
758 3807 908 3876 prospere
925 3795 1096 3874 gereretur.
1127 3779 1232 3848 esa-

165 3903 247 3970 binis
276 3902 316 3968 ad
337 3901 470 3968 Eretum
489 3899 578 3966 fusus
596 3911 644 3965 est
667 3898 840 3976 exercitus,
868 3920 926 3988 per
944 3896 1106 3962 silentium
1127 3894 1230 3961 noctis

165 4016 292 4106 profugi
327 4014 459 4105 propius
488 4014 528 4078 ab
559 4012 648 4080 Urbe
666 4012 750 4077 inter
770 4011 906 4078 fidenas
925 4022 958 4076 et
981 4007 1229 4076 Crustumerium

166 4143 264 4197 castra
281 4127 577 4206 communirernn13
591 4125 667 4192 hinc
684 4139 785 4192 terror
795 4126 829 4190 in
841 4124 929 4193 Urbe
944 4124 1061 4202 crevit,
1077 4135 1109 4189 et
1123 4136 1229 4215 patres

165 4243 283 4333 vigilias
302 4241 466 4309 habendas
486 4240 705 4308 decreverunt.
745 4237 892 4305 Nefanda
912 4236 1053 4303 facinora
1073 4249 1229 4304 auxerunt

192 4492 211 4558 ¹>
227 4496 284 4546 niv.
303 4494 355 4545 111.
374 4496 489 4551 as-ss;
507 4492 582 4542 nnn.
601 4491 662 4543 Hal.
680 4489 714 4541 x.
734 4487 852 4540 es-xn
871 4493 913 4538 rs.
984 4483 1004 4552 η
1021 4485 1071 4536 xr.
1091 4492 1114 4536 4.

1088 4577 1108 4635 ὅ
1123 4573 1137 4602 Ψ
