3212 5294
335 441 394 502 190
576 461 603 509 o.
625 456 726 499 steros
746 454 867 509 steron,
889 454 1058 499 rrrsronreus
1079 436 1155 528 (36).

425 635 545 726 gloriae
570 634 711 701 fructum
732 632 869 699 dictator
889 646 1034 725 caperet,
1058 653 1240 722 nomenque
1257 631 1303 697 ibi
1322 633 1399 698 sori·

426 750 530 827 beret,
554 761 607 814 aut
627 747 728 838 spolia
750 748 782 813 in
809 745 972 838 triumpho
995 747 1092 813 ferret
1117 760 1141 811 ¹.

381 859 1400 952 Haecsufficiunt,Rothiuspluradescripsit,quaeanerFabio

336 976 500 1055 llurerint,
528 975 718 1065 ignoramus.
762 973 851 1058 Quae
876 973 1020 1039 historici
1049 974 1228 1063 argumenti
1249 986 1321 1040 sunt
1342 998 1401 1041 suo

336 1089 409 1156 loco
430 1090 583 1179 attingam
603 1101 616 1139 ²
638 1100 670 1154 et
690 1086 853 1153 ostendam
876 1088 1031 1153 reriorem
1050 1085 1133 1153 hanc
1154 1087 1270 1154 lamam
1288 1087 1401 1154 rideri.

381 1205 520 1292 Apparet
548 1212 656 1266 autem
685 1223 722 1266 er
751 1199 812 1266 hoc
837 1199 1016 1290 fragmento
1035 1199 1192 1267 Pictorem
1211 1202 1246 1265 in
1268 1223 1400 1267 suorum

336 1316 502 1406 gentilium
533 1312 663 1379 historia
691 1312 775 1379 haud
805 1313 1003 1404 negligenter
1028 1336 1095 1379 esse
1116 1325 1289 1392 versatum,
1313 1313 1402 1404 quod

335 1441 367 1495 et
399 1427 573 1518 exspectari
601 1439 733 1516 poterat.
790 1426 895 1492 Potest
926 1427 1066 1492 dubitari
1096 1427 1176 1492 sitne
1203 1427 1335 1492 Pictoris
1361 1449 1402 1492 an

336 1539 504 1606 Serviliani
532 1539 767 1617 testimonium,
792 1550 923 1628 propter
945 1560 1000 1617 ea,
1028 1536 1117 1626 quod
1143 1537 1226 1602 hanc
1250 1537 1402 1604 historiae

335 1665 460 1744 partem
480 1652 587 1718 Pictor
606 1652 727 1741 attigit,
752 1650 828 1716 huic
850 1651 956 1716 locum
979 1650 1140 1716 vindicare
1159 1650 1270 1718 malui.

383 1764 432 1831 Ne
461 1765 515 1830 cui
544 1764 651 1830 ridear
678 1763 855 1831 Fabianum
882 1763 1094 1853 fragmentum
1122 1763 1284 1842 omittere,
1313 1764 1402 1854 quod

336 1878 422 1970 apud
441 1877 568 1944 Livium
588 1889 601 1928 ³
623 1877 801 1967 legebatur:
824 1877 965 1942 »Furios
983 1876 1094 1942 Fusios
1113 1877 1232 1943 Fabius
1249 1878 1405 1968 scripsere

337 1992 467 2083 quidem
476 1994 504 2070 ,”
525 1990 629 2056 dicam
647 1990 804 2055 sublatam
821 2013 888 2056 esse
904 1988 1151 2080 dittographiam
1171 1991 1314 2070 Fabius,
1331 2015 1405 2058 orn-

336 2107 414 2171 nino
434 2116 537 2184 recte,
561 2102 746 2169 Lachmann
766 2117 777 2154 ⁴
800 2104 963 2193 antiquam
984 2103 1123 2194 praelert
1140 2103 1328 2183 lectionem,
1346 2105 1404 2171 sed

339 2219 442 2285 obstat
461 2216 525 2282 loci
546 2240 644 2283 nexus
663 2228 696 2283 et
716 2240 790 2283 usus
810 2217 970 2283 Livianus.

336 2446 390 2513 ΝΟ.
425 2444 527 2511 XXX.
573 2444 691 2509 Fabius
707 2445 816 2509 ambos
835 2443 980 2509 consules
994 2444 1027 2508 in
1047 2440 1179 2509 Samnio
1197 2441 1278 2509 etad
1296 2442 1406 2511 Luce-

426 2560 505 2625 riam
531 2581 580 2624 res
606 2559 735 2648 gessisse
759 2557 890 2638 scribit,
919 2557 1167 2647 traductumque
1186 2556 1218 2621 in
1240 2556 1407 2624 Etruriam

429 2670 601 2739 exercitum
634 2669 701 2752 (sed
729 2670 770 2734 ab
800 2682 872 2735 utro
902 2670 1033 2736 consule
1056 2654 1126 2735 'non
1153 2669 1283 2757 adiecit)
1309 2682 1342 2736 et
1363 2670 1407 2736 ad

425 2783 592 2847 Luceriam
624 2782 787 2873 utrimque
812 2783 930 2849 multos
958 2783 1092 2861 occisos,
1115 2782 1214 2872 inque
1237 2804 1273 2848 ea
1294 2806 1407 2874 pugna

426 2895 509 2961 loris
535 2893 669 2960 Statoris
693 2894 804 2961 aedem
833 2908 954 2976 rotam,
978 2908 1015 2961 ut
1036 2895 1193 2962 Romulus
1214 2907 1287 2962 ante
1308 2920 1409 2965 rore-

426 3020 491 3084 rat,
525 3007 578 3073 sed
599 3007 710 3073 lanum
733 3020 874 3088 tantum,
905 3008 937 3074 id
958 3021 1004 3074 est
1023 3008 1115 3075 locus
1133 3009 1253 3098 templo
1274 3010 1408 3090 effatus,

426 3133 563 3186 sacratus
587 3120 690 3186 luerat
715 3133 741 3189 ⁵.

382 3233 600 3300 Alschelslius
621 3235 716 3300 rerba
737 3236 944 3326 transposuit,
961 3235 1046 3300 utin
1064 3234 1143 3301 cod.
1158 3235 1271 3305 Leidl
1286 3235 1409 3325 legun-

337 3361 404 3427 tur,
423 3347 560 3414 »lanum
581 3360 721 3427 tantum,
737 3348 770 3413 id
787 3362 833 3414 est
849 3347 939 3414 locus
954 3348 1076 3438 templo
1092 3357 1264 3427 serratus,
1280 3347 1410 3436 offam

336 3462 476 3540 fuerat'';
506 3461 637 3527 omnino
665 3474 766 3539 reete,
799 3485 873 3528 nam
899 3484 963 3526 non
992 3461 1079 3527 locus
1104 3473 1170 3527 erat
1190 3459 1321 3540 effatus,
1347 3462 1411 3529 sed

336 3586 372 3640 ut
399 3598 533 3665 augures
557 3597 644 3639 sacra
665 3574 736 3640 loca
756 3573 907 3640 dicuntur
925 3573 1035 3654 effari,
1058 3574 1103 3639 sic
1121 3574 1279 3639 Romulus
1299 3573 1333 3638 id
1354 3574 1411 3641 fe·

336 3688 415 3754 cisse
444 3688 579 3754 traditur
605 3711 623 3752 a
650 3687 758 3768 Lirio;
789 3688 843 3754 sed
863 3688 914 3754 rel
934 3689 978 3754 sic
1000 3701 1142 3779 superest
1161 3688 1316 3778 glossema
1338 3688 1410 3754 tol-

335 3800 485 3880 lendum,
517 3812 553 3865 ut
578 3801 642 3866 iam
661 3800 701 3866 ab
724 3801 856 3891 antiquo
875 3800 1047 3891 interprete
1068 3800 1159 3868 rideo
1179 3801 1410 3891 propositum,

334 3912 443 3979 Liuius
464 3913 549 3978 enirn
568 3912 700 3979 dederat
720 3915 832 3980 »loris
853 3912 986 3979 Statoris
1005 3912 1115 3978 aedem
1137 3924 1259 3991 rotam,
1283 3925 1319 3978 ut
1334 3913 1412 3979 Ro·

333 4027 440 4092 mulus
472 4038 546 4092 ante
576 4037 720 4104 roserat,
755 4025 809 4091 sed
841 4025 953 4092 lanum
976 4036 1101 4092 tanturn
1130 4024 1246 4092 effatus
1266 4024 1409 4105 luerat'’,

335 4140 422 4229 quod
441 4140 632 4228 intelligenti
654 4139 779 4205 suffieit.

362 4418 382 4483 ι)
399 4422 609 4472 maurinae.
662 4419 1055 4488 ues.me.v11.csp.1§a.
1109 4420 1129 4489 ⁵)
1145 4422 1195 4472 111.
1210 4428 1234 4472 4.
1293 4418 1314 4488 ⁴)
1329 4421 1355 4471 1.
1368 4425 1415 4471 oo.

327 4503 347 4573 5)
365 4506 421 4556 Lis.
437 4506 472 4556 X.
491 4510 534 4556 at.
