3190 5304
349 445 409 508 372
603 466 630 514 o.
651 463 753 506 sauros
774 465 801 512 o.
823 463 851 508 r.
872 463 899 514 o.
921 462 949 505 n.
970 460 1063 506 narro
1083 443 1158 528 (tr).

361 638 558 721 Saturniam;
572 639 654 706 hauc
673 641 871 708 deduxerunt
887 640 1061 707 secundum
1079 638 1203 706 Livium
1222 652 1231 690 ¹
1256 639 1292 724 Q.
1304 640 1421 707 Fabius

358 752 485 829 Labeo,
504 750 539 818 C.
563 752 711 818 Afranius
729 751 844 818 Stellio
864 754 977 844 (praet.
997 753 1075 839 569)
1094 764 1126 818 et
1150 752 1197 818 Ti.
1209 749 1416 842 Sempronius

358 862 519 932 Gracchus
552 868 662 953 (praet.
696 865 791 954 574),
824 867 881 956 qui
909 864 1031 932 ciribus
1060 865 1125 931 illis
1154 865 1305 931 Romanis
1333 865 1415 932 dena

357 975 465 1067 iugera
491 978 699 1067 assignarunt.

404 1089 522 1155 Verum
548 1113 612 1155 non
636 1089 715 1156 mihi
735 1114 864 1181 possum
884 1089 1074 1182 persuadere
1091 1082 1417 1156 Labeoniic'onsula-

356 1214 425 1267 tum
455 1224 528 1267 oum
556 1200 708 1269 lllriratu
737 1203 825 1294 iungi
848 1226 955 1293 posse;
983 1202 1119 1270 vidimus
1138 1201 1268 1293 quidem
1287 1217 1417 1295 supra2

358 1312 395 1397 Q.
425 1315 560 1382 Fabium
586 1316 765 1398 Buteonem
797 1317 866 1406 (44)
896 1316 1054 1382 coloniam
1083 1315 1248 1382 deduxisse
1269 1316 1323 1381 sed
1343 1329 1418 1406 post

356 1426 526 1516 imperium
556 1441 781 1520 prorogatum3
813 1428 889 1496 hinc
917 1429 1098 1496 Saturniam
1121 1429 1267 1520 sequenti
1286 1429 1418 1496 demum

357 1563 441 1606 auno
463 1541 633 1609 deductam
653 1542 852 1610 crediderim.
897 1541 1059 1609 Dederich
1080 1549 1092 1588 ⁸
1113 1554 1224 1609 contra
1242 1541 1418 1609 difficulta-

358 1664 422 1719 tem
443 1653 507 1719 alio
526 1657 622 1723 modo
644 1656 757 1722 tollere
778 1668 911 1723 conatus
930 1668 991 1736 est,
1011 1656 1118 1748 posuit
1134 1677 1250 1746 nempe
1260 1654 1418 1722 lllrirum

356 1765 449 1831 illurn
472 1768 566 1834 luisse
590 1768 627 1851 Q.
648 1769 784 1835 Fabium
812 1769 997 1836 Labeonem
1021 1768 1076 1834 sed
1106 1768 1235 1834 fratrem
1261 1770 1375 1846 nostri,
1397 1793 1418 1835 a

357 1901 422 1969 quo
442 1879 534 1947 nullo
562 1883 692 1948 nornine
721 1882 863 1950 diversus
891 1883 1019 1962 fuisset,
1044 1905 1126 1973 quae
1147 1883 1228 1950 ratio
1247 1881 1418 1973 haudqua-

358 2015 452 2082 quam
481 1992 659 2060 verisimilis
688 2007 751 2074 est3
784 1994 867 2062 banc
893 1994 1116 2063 difficultatem
1142 1995 1228 2062 auxit
1247 1993 1364 2061 deiude
1383 2008 1418 2060 et

357 2105 417 2171 sibi
443 2106 554 2171 sumsit
580 2094 653 2173 cum
675 2108 810 2174 aedilem
831 2107 928 2173 luisse
947 2107 1009 2173 hoo
1029 2131 1112 2174 anno
1133 2119 1165 2173 et
1183 2107 1284 2173 Roma
1304 2107 1417 2173 relicta

356 2213 538 2287 Saturniam
557 2220 736 2310 proiectum
757 2243 838 2301 esse,
861 2220 1032 2313 dequibus
1047 2243 1141 2289 nemo
1159 2242 1225 2288 non
1244 2220 1420 2288 dubitabit.

643 2407 661 2490 §
686 2408 716 2470 7.
763 2403 836 2470 Pro
857 2405 989 2470 consule
1012 2405 1077 2470 572
1103 2410 1128 2469 ⁴.

402 2557 556 2626 Dicebam
592 2562 804 2652 suspicionem
840 2584 905 2627 esse
942 2585 959 2626 a
997 2560 1145 2626 Labeone
1172 2559 1330 2626 coloniam
1359 2559 1418 2626 de·

356 2670 485 2737 ductam
517 2673 636 2764 quippe
663 2675 715 2738 cui
747 2675 915 2765 imperium
946 2685 1149 2765 prorogatum
1177 2676 1282 2741 luerit.
1330 2671 1419 2739 Scri-

354 2794 459 2873 pserat
472 2806 586 2875 nempe
601 2796 709 2853 noster
722 2786 870 2876 Apuanos
889 2786 928 2852 ad
948 2787 1156 2853 rebellionem
1179 2799 1338 2878 spectare,
1360 2788 1420 2878 qui

355 2896 389 2960 in
413 2917 522 2984 agrum
548 2897 696 2963 Pisanum
720 2899 875 2990 impetum
895 2912 985 2965 eraut
1007 2900 1132 2966 facturi.
1182 2900 1272 2965 'l'uno
1292 2912 1421 2967 senatus

356 3004 514 3086 decrerit,
547 3021 581 3075 ut
611 3022 748 3101 quatuor
774 3012 915 3103 legiones
941 3013 1167 3093 scriberentur,
1191 3025 1224 3080 et
1246 3014 1417 3105 imperium

355 3135 578 3211 prorogaretur
597 3123 697 3191 Fabio
718 3125 953 3216 Marcelloque3
977 3126 1029 3192 lrio
1047 3127 1081 3192 in
1102 3126 1234 3218 Ligures
1253 3127 1420 3217 proiectus

298 3306 301 3312 .
356 3233 444 3300 felici
473 3248 589 3302 eventu
616 3239 788 3327 pugnavit,
820 3240 863 3305 ita
892 3250 928 3303 ut
956 3238 1051 3306 unius
1080 3239 1145 3306 diei
1171 3239 1361 3329 supplicatio
1387 3241 1417 3305 ci

355 3344 589 3417 decerneretur.
637 3349 685 3416 Ile
713 3351 766 3432 iis,
796 3374 878 3442 quae
909 3351 1016 3419 Labeo
1041 3354 1150 3443 gessit,
1173 3353 1221 3418 uil
1244 3353 1419 3422 memoriae

354 3457 517 3550 proditum
542 3473 597 3530 est.

402 3572 448 3638 lix
477 3571 537 3638 hac
566 3574 766 3664 expeditione
791 3597 932 3642 resersus
952 3574 1104 3642 Illriratu
1123 3576 1254 3641 functus
1271 3598 1338 3642 esse
1355 3601 1416 3667 po·

358 3684 437 3765 tuit3
469 3686 529 3752 nisi
556 3689 681 3777 potius,
714 3713 732 3754 a
760 3711 823 3779 qua
844 3712 878 3755 re
898 3712 963 3754 non
985 3688 1134 3756 abhorret
1155 3689 1311 3781 suspicio,
1333 3691 1420 3757 male

354 3798 514 3889 irrepserit
534 3800 617 3890 apud
639 3801 764 3867 Livium
779 3800 888 3868 Labeo
903 3825 961 3895 pro
981 3802 1105 3882 Buteo,
1124 3815 1178 3868 aut
1195 3802 1263 3887 »Q-
1281 3804 1417 3870 Fabius''

356 3923 478 3978 tantum
509 3914 685 4004 legeretur,
719 3917 771 3983 oui
798 3916 907 3982 Labeo
928 3915 1111 4007 suppletum
1130 3927 1195 3994 est,
1218 3917 1338 4009 quippe
1360 3919 1418 4008 qui

357 4027 503 4115 sequenti
524 4028 628 4118 capite
649 4030 804 4109 occurrit,
828 4030 884 4095 ubi
905 4028 1132 4118 intelligendus
1153 4041 1220 4095 erat
1240 4027 1278 4113 Q.
1299 4030 1420 4096 Fabius

355 4137 513 4206 Maximus
533 4142 604 4228 (43)
626 4140 766 4207 eiusdem
784 4144 895 4208 aetatis
918 4165 955 4208 ac
974 4142 1063 4207 illius
1082 4141 1214 4231 collega.

345 4492 356 4527 ⁴
381 4408 403 4472 Ι)
420 4409 552 4462 XXXIX.
569 4417 610 4463 55.
677 4411 700 4480 ἲ)
713 4413 753 4468 Cf.
767 4417 824 4467 Lib.
833 4419 882 4469 VI.
897 4417 957 4483 Cup.
972 4432 1010 4469 ru
1032 4418 1093 4481 53,
1107 4433 1132 4483 p.
1142 4421 1200 4467 232.
1264 4413 1285 4484 ⁵)
1299 4418 1363 4482 Pag.
1378 4424 1421 4470 2⁸.

356 4493 441 4562 lLiv.
459 4497 518 4547 XL.
540 4503 562 4547 t.
