3154 5294
522 434 543 518 5
564 438 593 497 5.
615 452 728 498 aaaron
749 452 908 498 tunsurus.

181 628 291 720 quiora
312 627 466 718 prolixius
487 641 635 696 tractasse
656 651 752 720 quarn
774 629 898 707 Livius,
924 628 976 693 sed
998 650 1063 693 non
1079 627 1127 692 illi
1144 649 1248 694 assen-

183 743 259 818 tior,
292 763 367 807 narn
400 742 456 831 qui
486 743 609 832 primns
629 744 770 837 omnium
791 742 955 808 historiam
975 741 1175 807 conscribere
1194 764 1248 831 ag·

182 852 340 942 graditur,
366 854 529 944 quomodo
554 877 626 920 eum
649 855 743 921 latins
763 867 795 920 et
814 855 915 920 fusius
935 877 984 919 res
1004 877 1102 944 quarn
1121 853 1247 920 Livium

182 967 396 1057 composuisse
433 969 607 1058 putemus?
674 969 762 1053 Quae
799 980 904 1034 autern
944 967 1118 1057 fragmenta
1155 966 1248 1033 istam

162 1079 363 1169 ‚opinionem
395 1091 539 1160 tuentur,
573 1094 665 1147 ancta
696 1093 728 1147 et
758 1094 868 1147 ornata
895 1092 968 1146 sunt
993 1078 1107 1156 abiis,
1131 1079 1247 1168 quiea

181 1203 359 1270 servarunt,
391 1192 519 1257 nonnisi
555 1192 651 1257 aerbo
679 1193 736 1258 illa
766 1193 927 1282 attigerat,
955 1192 1011 1283 qui
1041 1212 1114 1257 aum
1145 1191 1246 1255 secuti

181 1316 252 1368 sunt
273 1304 402 1370 uberius
423 1304 478 1369 illa
497 1304 714 1372 elaborarunt.

226 1415 295 1499 Qua
305 1416 369 1481 fide
381 1417 412 1481 in
424 1417 473 1482 his
486 1430 625 1483 versatus
643 1419 699 1499 sit,
715 1419 886 1484 coniicitur
896 1441 933 1483 er
943 1429 1143 1509 posterorum
1157 1415 1197 1481 de
1207 1438 1245 1481 eo

179 1529 303 1594 iudiciis
323 1541 408 1595 etex
430 1530 628 1619 fragmentis,
653 1553 735 1621 quae
755 1531 809 1596 alii
830 1542 1002 1596 servarunt.
1049 1528 1102 1594 Sic
1122 1540 1246 1595 constat

178 1665 251 1708 eum
274 1643 391 1709 multas
412 1643 546 1709 fabellas
565 1644 598 1709 in
621 1644 784 1710 historiam
804 1645 975 1735 recepisse,
999 1642 1117 1733 quibus
1139 1655 1245 1708 utrum

178 1755 275 1821 fidem
304 1757 372 1846 ipse
392 1755 555 1835 habuerit,
586 1757 785 1847 ignoramus,
815 1757 869 1823 sed
893 1756 993 1848 probe
1013 1756 1131 1821 scimus
1149 1778 1186 1820 er
1207 1779 1245 1822 eo

176 1881 223 1933 sat
250 1868 352 1934 multa
381 1870 414 1934 in
443 1870 573 1935 annales
603 1871 780 1961 irrepsisse,
815 1894 897 1960 quae
927 1882 1037 1961 postea
1062 1868 1188 1934 exculta
1213 1881 1246 1933 et

177 1994 284 2047 ornata
311 1981 345 2046 in
366 2005 470 2047 reram
495 1993 527 2048 et
557 1994 755 2049 constantem
777 1984 896 2048 famam
919 1982 1120 2048 transierunt.
1168 1981 1246 2047 Per·

176 2094 255 2160 tinet
276 2092 340 2157 huc
360 2091 514 2158 iudicium
536 2090 700 2159 Ciceronis
725 2107 733 2144 ¹
758 2092 798 2159 de
819 2094 1037 2160 Romanorum
1058 2093 1244 2159 annalibus:

177 2206 283 2297 »quid
305 2217 369 2270 tam
398 2204 492 2284 exile,
513 2228 613 2295 ,qnam
643 2206 694 2272 isti
713 2229 839 2285 omnes,
869 2207 1002 2286 Fabius,
1028 2204 1125 2286 Cato,
1155 2206 1245 2285 Piso,

1284 592 1291 645 t

1280 726 1288 754 1

175 2319 360 2421 Fpnnius?’'
380 2315 480 2383 Caute
494 2329 599 2383 tamen
612 2319 835 2409 accipiendum
853 2332 914 2385 est:
933 2319 1094 2386 verissime
1112 2317 1242 2409 quidem
1280 2368 1282 2371 .

177 2434 320 2522 queritur
332 2431 455 2497 Tullius
470 2430 634 2497 historiam
655 2433 775 2499 Latinis
795 2432 909 2497 litteris
927 2431 1099 2498 desiderari
1115 2431 1243 2521 qualem

176 2548 242 2637 ipse
270 2544 472 2610 conscribere
499 2544 530 2609 in
562 2545 669 2610 animo
693 2545 847 2622 habebat,
872 2545 926 2611 sed
947 2556 1110 2635 comparat
1130 2544 1244 2609 Latina

177 2658 408 2736 cumGraecis,
432 2680 508 2748 pree
528 2681 665 2748 qnorum
686 2659 811 2724 exculta
831 2657 961 2725 historia
982 2658 1091 2724 breves
1107 2657 1160 2722 isti
1179 2656 1246 2721 tto-

177 2794 342 2838 manorum
379 2770 508 2835 annales
543 2770 626 2836 nihil
662 2784 767 2850 erant,
806 2774 866 2837 iarn
902 2784 980 2837 tunc
1010 2770 1246 2861 antiquissimos

176 2885 373 2968 cipoypaitpovs
403 2885 437 2949 in
467 2883 662 2950 oblivionem
692 2885 778 2950 abire
808 2887 941 2952 iusserat
969 2885 1064 2950 Pater
1088 2884 1245 2950 historiae.

178 2998 284 3065 Livius
305 3010 318 3048 2
340 3009 372 3062 et
392 2996 563 3086 Dionysius
580 3010 691 3064 contra
712 3000 836 3090 saepius
853 2999 892 3064 ad
914 2999 1049 3066 Fabium
1070 3009 1246 3088 provocant

179 3113 310 3202 eiusque
332 3110 529 3200 diligentiam
548 3112 694 3191 laudaut3
719 3113 763 3177 sic
783 3112 978 3200 Dionysius³
999 3111 1135 3177 Fabium
1153 3132 1246 3176 secu·

179 3237 227 3290 tus
239 3227 402 3304 οὐδεμιᾶς,
425 3225 545 3315 inquit,
565 3224 610 3289 ἔτι
629 3226 736 3305 δέομαι
750 3225 884 3296 πίστεως
900 3225 1026 3305 brigas,-
1051 3247 1123 3288 nam
1140 3223 1245 3288 πίστιν

177 3340 228 3402 οὐκ
244 3338 280 3414 ἐξ
299 3333 337 3400 ὧν
354 3337 462 3412 ἤκουσε
483 3337 584 3415 μόνον,
609 3337 698 3401 ἀλλὰ
720 3338 772 3401 aci
794 3337 828 3414 ἐξ
848 3333 886 3400 ὧν
902 3337 995 3406 αὐτὸς
1012 3333 1090 3407 ἔγνω
1104 3335 1245 3416 παρεχό-

150 3534 153 3541 .
176 3474 277 3527 μενος.
333 3449 485 3536 Polybius
511 3449 647 3515 Fabium
672 3461 816 3515 nostrum
838 3449 877 3514 de
900 3448 988 3514 bello
1007 3447 1129 3512 Punico
1151 3446 1166 3511 l
1186 3449 1246 3524 ἒμ-

176 3564 349 3643 srsrpo'rcru
371 3568 382 3605 ⁴
404 3562 564 3653 scripsisse
581 3574 731 3641 testatur,
756 3562 811 3628 sed
829 3562 952 3628 etiamsi
970 3584 1033 3627 non
1050 3559 1152 3625 credit
1171 3582 1245 3624 eum

177 3675 470 3749 tetrastemoria,
497 3687 604 3741 tamen
622 3676 723 3766 carpit
748 3699 839 3754 euru,
859 3674 947 3765 quud
972 3672 1246 3761 Carthaginienses

177 3790 223 3853 illi
236 3787 330 3853 nimis
344 3787 527 3855 riderentur
543 3776 628 3854 mala
646 3789 709 3854 fide
725 3790 834 3878 egisse.
867 3788 937 3872 Quo
954 3790 987 3853 in
1007 3786 1126 3852 iudicio
1148 3786 1247 3874 Poly-

178 3903 266 3968 bium
296 3924 362 3966 uon
393 3925 500 3969 rerum
522 3926 589 3969 esse
611 3915 790 3968 assecutum
813 3902 1030 3968 demonstrare
1049 3912 1181 3965 conatus
1200 3910 1247 3963 est

89 4038 95 4054 ·
178 4039 253 4106 prae
284 4016 396 4080 ceteris
426 4017 553 4083 Ernesti
584 4029 613 4096 ⁵,
647 4017 699 4081 cni
727 4018 940 4082 assentiuntur
966 4012 1151 4080 Lachmann
1175 4021 1188 4058 θ
1214 4025 1246 4078 et

180 4127 367 4215 Bernhardy
389 4141 421 4206 ⁷3
444 4131 549 4195 minus
572 4143 658 4195 recte
680 4130 746 4210 illi,
770 4155 844 4197 nam
867 4151 970 4220 nuper
990 4127 1093 4192 Lucas
1115 4139 1127 4176 ⁸
1150 4148 1247 4191 accu-

205 4326 499 4390 1tDelep.1.2§6.
551 4323 571 4387 ²1
590 4327 628 4378 Cf.
644 4326 733 4391 fragm.
749 4327 833 4386 XXI,
854 4327 943 4387 XXV,
961 4327 1020 4376 XL.
1073 4323 1094 4391 5)
1111 4325 1150 4376 Cf.
1162 4325 1252 4387 fragm.

171 4411 293 4471 XXVH,
311 4412 385 4462 XLI.
472 4408 494 4478 ⁴)
511 4409 550 4462 Cf.
571 4411 661 4476 sraenm.
686 4412 805 4462 XXXII.
895 4406 1251 4478 ⁵)Opusc.phiiol.p.102.

170 4493 190 4562 Β)
206 4498 242 4547 11.
265 4502 304 4546 14.
361 4495 381 4563 7)
400 4497 462 4561 Pag.
481 4501 540 4546 524.
592 4495 613 4564 ὅ)
632 4499 669 4546 Dc
683 4504 730 4546 rat.
747 4512 795 4564 qua
812 4493 867 4546 laic.
886 4494 972 4563 Polyb.
991 4495 1251 4562 scqait.p..10-18.
