3212 5294
619 437 645 486 o.
668 384 770 479 rsnrus
792 436 818 485 o.
842 436 869 477 r.
892 436 995 480 cleron
1017 416 1091 499 (40).

453 636 470 719 §
496 637 526 700 2.
575 634 716 699 Flamen
743 634 952 721 Quimnalis,
968 643 1113 726 praetor
1138 638 1201 700 565
1229 647 1251 701 ¹.

374 843 467 906 anno
498 843 562 906 rea
592 837 632 902 n.
665 814 796 903 ranas
826 837 972 904 uonna
1001 851 1033 904 et
1060 836 1393 905 enarmonion

329 951 425 1015 creati
466 964 540 1016 sunt
577 951 723 1016 consules
758 951 793 1015 in
834 974 951 1017 annum
998 963 1200 1041 sequentem,
1234 965 1395 1042 praetores

330 1064 366 1147 Q.
388 1063 505 1128 Fabius
523 1062 648 1141 Pictor,
679 1063 734 1152 qui
758 1086 796 1127 eo
816 1086 900 1128 anno
921 1064 1036 1128 flamen
1063 1063 1235 1146 Quirinalis
1255 1065 1392 1154 inaugu-

327 1189 412 1240 ratus
446 1176 569 1254 suerat,
603 1176 640 1259 Q.
671 1175 789 1241 Fabius
818 1177 940 1255 Labeo,
972 1177 1079 1242 ceteri.
1136 1177 1317 1242 Provincias
1346 1179 1391 1243 sic

327 1289 430 1354 sortiti
456 1300 540 1353 sunt:
576 1287 631 1378 Sp.
650 1288 832 1354 Postumius
858 1289 993 1354 Albinus
1019 1289 1215 1378 provinciam
1235 1290 1391 1357 urbanam

325 1415 357 1467 et
388 1403 471 1466 inter
501 1402 697 1492 peregrinos,
729 1402 772 1467 M.
794 1401 1001 1492 Sempronius
1028 1401 1204 1467 Tuditanus
1230 1402 1392 1482 Siciliam,

330 1515 364 1598 Q.
390 1515 506 1579 Fabius
528 1515 634 1579 Pictor
661 1516 777 1580 flamen
806 1514 976 1597 Quirinalis
999 1512 1194 1595 Sardiniam,
1217 1516 1251 1599 Q.
1274 1517 1391 1582 Fabius

327 1628 435 1693 Labeo
459 1628 607 1712 classem,
630 1628 667 1693 L.
687 1627 831 1693 Plautius
852 1627 1017 1719 Hypsaeus
1039 1627 1225 1718 Hispaniam
1254 1628 1391 1695 Citerio-

326 1764 410 1820 rem,
434 1741 625 1807 Ulteriorem
652 1763 726 1806 vero
745 1740 782 1806 L.
804 1741 939 1806 Baebius
961 1741 1064 1808 Dives.
1106 1739 1241 1806 Senatus
1261 1744 1390 1808 consul·

325 1864 392 1916 turn
427 1851 629 1930 factumest,
658 1874 722 1941 quo
752 1851 869 1917 Pictori
905 1853 1093 1942 permissum
1127 1865 1174 1918 est
1204 1854 1244 1918 ab
1280 1853 1387 1921 Sardis

324 1964 447 2052 erigere
476 1963 559 2028 idem
591 1963 675 2052 quod
706 1961 821 2028 Siculis
849 1976 915 2028 erat
945 1965 1145 2054 impositum,
1175 1965 1252 2030 duas
1274 1990 1388 2059 nempe

325 2075 474 2140 decumas
490 2076 658 2152 frumenti,
673 2099 789 2165 easque
806 2077 839 2141 in
858 2076 964 2142 Asiam
980 2090 1012 2143 et
1032 2078 1187 2144 Aetoliam
1208 2078 1387 2170 deportare.

363 2173 550 2279 Priusquam
575 2188 729 2252 tamenin
758 2189 936 2279 provincias
963 2213 1032 2255 suas
1062 2191 1186 2255 abirent
1207 2205 1386 2281 praetores,

320 2325 469 2391 magnum
498 2301 599 2367 morit
629 2313 789 2366 certarnen
822 2302 928 2367 Pictor
958 2316 1063 2368 noster
1092 2327 1164 2369 cum
1197 2304 1231 2371 P.
1262 2305 1386 2372 Licinio

320 2416 475 2506 pontifice
504 2415 657 2493 maxim03
692 2414 873 2479 certabatur
901 2415 1053 2481 liceretne
1081 2418 1204 2482 flamini
1234 2418 1322 2485 abire
1351 2422 1386 2486 in

319 2529 531 2619 provinciam,
555 2551 650 2618 quem
673 2550 746 2592 cura
767 2551 928 2593 sacrorum
949 2531 981 2594 in
1001 2530 1092 2595 ltalia
1114 2532 1284 2612 retineret3
1308 2557 1385 2598 ean-

318 2643 391 2707 dem
414 2643 454 2706 ob
476 2664 601 2706 causam
623 2665 706 2705 anno
724 2645 788 2706 512
815 2641 851 2705 L.
871 2641 1018 2708 Metellus
1038 2644 1182 2734 pontifex
1200 2646 1384 2712 marimus²

319 2766 492 2819 certaverat
521 2776 595 2817 curn
626 2754 789 2818 Postumio
821 2754 939 2819 Albino
969 2758 1160 2845 proconsule
1185 2759 1218 2822 in
1239 2759 1381 2825 Siciliam

318 2868 357 2932 od
385 2868 516 2931 classem
544 2867 739 2956 profecturo.
790 2866 923 2956 Magnae
944 2868 1046 2935 factae
1067 2883 1139 2935 sunt
1161 2872 1384 2938 contentiones

316 2983 348 3044 in
379 2992 488 3062 senatu
518 2992 550 3044 et
581 2980 662 3070 apud
688 2980 864 3070 populum,
890 2980 928 3045 ad
950 3005 1045 3072 quem
1067 2983 1206 3074 denique
1227 3007 1384 3074 proroca·

313 3106 381 3158 tum
411 3107 473 3172 est,
499 3093 633 3183 pignora
659 3106 750 3181 capta
784 3106 872 3172 sunt,
901 3095 1085 3185 multaeque
1109 3096 1247 3161 indictae
1278 3097 1383 3163 tribu-

315 3208 414 3297 nique
439 3207 600 3297 appellati.
650 3206 734 3271 llicit
760 3207 887 3296 religio,
912 3220 947 3273 ut
970 3208 1004 3272 in
1028 3208 1085 3273 tali
1105 3231 1139 3273 re
1161 3209 1230 3274 fieri
1252 3210 1383 3289 assolet,

313 3321 460 3411 pontilioi
487 3321 573 3385 dicto
601 3319 733 3386 audiens
760 3319 821 3385 tuit
841 3321 958 3386 flamen
988 3334 1095 3386 noster
1119 3323 1304 3413 multaeque
1328 3347 1381 3388 re-

314 3433 425 3496 missae
447 3445 530 3496 sunt.
577 3430 666 3496 Tunc
687 3442 815 3521 praetor
834 3432 931 3497 iratus
951 3432 992 3497 ob
1011 3446 1150 3524 ereptam
1170 3434 1229 3499 sibi
1247 3437 1381 3526 provin-

314 3546 395 3610 ciam
426 3569 457 3611 se
489 3545 674 3635 magistratu
706 3543 854 3610 abdicare
884 3546 1003 3626 noluit,
1035 3560 1140 3638 patres
1169 3559 1276 3619 tamen
1306 3572 1381 3615 eum

313 3661 533 3738 retinuerunt,
558 3658 650 3722 etsie
669 3669 794 3721 senatus
815 3658 996 3724 consultum
1016 3660 1135 3725 facturn
1160 3673 1224 3739 est,
1250 3675 1285 3727 ut
1303 3687 1381 3753 per-

313 3773 453 3860 egrinam
478 3782 636 3837 exerceret
660 3770 930 3851 iurisdictionem3
955 3771 1038 3838 hanc
1057 3774 1155 3864 igitur
1182 3777 1380 3866 provinciam

314 3908 378 3949 non
399 3909 473 3950 nero
495 3884 678 3974 Hispaniam
700 3882 831 3950 Richter
849 3885 879 3949 ei
898 3884 1077 3953 adscribere
1098 3886 1268 3968 debuerat,
1302 3914 1379 3957 nam

311 3998 401 4063 illam
427 4021 466 4062 ne
492 3998 621 4062 sortitus
645 4008 711 4060 erat
736 3997 877 4087 quidem.

357 4108 508 4198 Suspicor
529 4132 566 4174 ex
587 4131 642 4187 eo,
668 4106 753 4198 quod
775 4109 863 4174 nefas
883 4108 1054 4176 haberetur
1071 4112 1192 4178 flamini
1214 4116 1264 4181 rel
1280 4139 1378 4183 unam

310 4233 437 4287 noctem
466 4233 550 4286 extra
572 4221 694 4286 Urbem
726 4221 839 4312 degere
867 4246 907 4288 ne
930 4245 1017 4288 sacra
1039 4224 1241 4309 deserantur,
1267 4242 1378 4298 natam

334 4463 353 4529 ¹)
371 4463 582 4513 mcxxxvn.
600 4466 641 4524 er,
658 4468 704 4525 so,
724 4469 764 4512 51.
820 4459 839 4532 ²)
857 4464 914 4516 Liv.
931 4464 997 4530 Epir.
1010 4466 1093 4528 xum
1112 4466 1265 4520 Tacitnn.
1277 4471 1328 4521 ΙΙΙ.
1340 4473 1384 4523 71.
