3210 5300
578 471 600 554 5
619 473 648 535 8.
669 487 811 533 nrcraron
832 473 902 534 537.
1219 471 1279 537 ³19

215 666 370 734 sentiebat
400 656 456 732 ille
485 666 604 734 bellum
634 666 806 734 arcendum
832 686 914 746 esse,
939 664 1026 756 quod
1047 666 1120 732 satis
1140 662 1278 735 feliciter

215 782 310 861 feeit,
335 802 443 848 rerum
473 780 603 847 omnino
627 782 746 846 nonin
770 780 917 870 Apuliam
937 779 1091 870 perrexit,
1114 803 1179 845 non
1199 803 1277 872 opus

214 907 281 961 erat
310 893 437 973 hercle,
471 916 536 959 non
559 894 690 986 petebat
712 893 854 974 hostem,
878 893 1057 958 sufficiebat
1076 892 1201 959 bellum
1221 917 1277 960 ex·

215 1006 339 1073 trahere
358 1019 390 1072 et
411 1006 510 1074 hostis
531 1019 637 1073 motus
659 1007 831 1073 observare.
880 1005 948 1072 Nec
968 1018 1076 1072 tamen
1096 1008 1277 1095 negaverim

213 1120 347 1187 Fabium
375 1133 475 1185 castra
504 1121 645 1211 posuisse
670 1120 790 1185 alicubi
807 1119 841 1185 iu
860 1132 1034 1210 conspectu
1051 1118 1189 1185 hostium
1210 1122 1277 1212 pri-

213 1254 346 1323 usquam
371 1233 404 1298 in
428 1231 634 1324 Campaniam
656 1233 859 1325 pervenisset.

257 1344 355 1412 Silius
376 1346 529 1412 Italicus¹
552 1357 656 1412 totum
678 1347 739 1412 iter
760 1346 793 1411 in
814 1344 964 1436 Apuliam
984 1344 1099 1425 mittit,
1115 1345 1277 1435 poeticam

213 1459 435 1525 verbositatem
465 1481 542 1550 prae
569 1457 719 1525 historica
747 1459 878 1526 scritate
906 1459 1104 1550 praeferens,
1134 1458 1189 1525 sed
1215 1458 1278 1525 hoc

212 1572 317 1662 urgeri
337 1572 465 1662 nequit;
488 1595 617 1662 prorsus
637 1571 724 1638 idem
744 1572 828 1639 valet
849 1572 889 1637 de
910 1572 1061 1637 Zonara²
1083 1584 1115 1637 et
1134 1572 1237 1637 Dione
1253 1580 1278 1652 ³,

212 1686 245 1751 in
272 1707 409 1776 quorum
438 1684 625 1774 fragmentis
643 1685 691 1750 nil
712 1685 751 1751 de
773 1698 842 1750 toto
859 1684 918 1750 illo
937 1684 1049 1750 itinere
1079 1684 1277 1765 invenimus,

211 1797 296 1889 quod
334 1798 483 1889 equidem
519 1798 710 1889 compendio
746 1798 933 1877 tribuerim3
966 1796 1131 1863 Haakhius
1166 1809 1278 1864 contra

212 1908 374 2001 duplicem
396 1908 436 1975 de
457 1933 493 1975 ea
508 1933 542 1976 re
558 1911 675 1976 lamam
692 1909 788 1976 luisse
808 1910 970 2000 opinatur,
995 1921 1027 1975 et
1043 1909 1084 1975 ob
1101 1909 1184 1977 hano
1200 1932 1278 1976 cau-

213 2045 277 2087 sam
307 2022 429 2087 scilicet
453 2021 641 2088 Plutarchus
660 2024 690 2087 ei
710 2021 835 2089 videtur
854 2044 920 2087 non
939 2044 1130 2087 memorasse
1148 2022 1277 2103 locum,

211 2135 267 2200 ubi
295 2135 343 2200 illi
373 2135 500 2201 iamiam
527 2136 699 2225 pugnaturi
729 2135 874 2201 fuissent.
923 2134 963 2199 Ar
992 2133 1182 2201 Plutarchus
1210 2158 1277 2201 non

211 2259 276 2314 tam
304 2249 419 2313 acriter
445 2249 627 2315 versabatur
646 2249 680 2313 iu
703 2247 775 2314 crisi
795 2246 964 2326 historica,
986 2269 1099 2337 parum
1122 2248 1276 2312 sollicitus

212 2373 279 2427 erat
303 2361 344 2427 de
368 2361 441 2427 loeo
467 2361 598 2452 proelii,
623 2362 743 2452 quippe
761 2361 819 2451 qui
838 2371 922 2425 totus
942 2360 975 2424 iu
1004 2359 1180 2425 enarrando
1210 2382 1276 2450 quo

210 2472 305 2539 modo
336 2473 511 2541 Cunctator
537 2497 611 2540 cum
642 2474 823 2540 Hannibale
856 2495 921 2538 nou
949 2473 1155 2562 pugnaverit,
1186 2472 1275 2564 quod

211 2588 315 2653 multo
344 2589 417 2679 plus
446 2588 582 2654 faciebat
606 2586 646 2653 ad
667 2610 770 2653 mores
790 2599 823 2653 et
842 2587 1006 2678 ingenium
1028 2586 1119 2651 Fabii
1140 2609 1275 2677 cognos-

212 2699 352 2765 cendum
371 2723 467 2791 quam
488 2701 592 2781 locus,
616 2700 672 2765 ubi
693 2720 865 2765 armenon
886 2712 1118 2766 conseruerant.

257 2812 301 2879 Ut
318 2813 414 2878 modo
429 2813 591 2891 dicebam,
606 2813 726 2878 alicubi
744 2824 844 2878 castra
861 2825 1037 2904 posuerunt
1052 2813 1085 2877 in
1101 2826 1275 2905 conspectu

210 2923 365 3005 hostium3
399 2925 452 2992 sed
483 2926 540 2991 ubi
567 2926 706 2993 Romani
733 2949 872 3017 pugnam
901 2927 981 2992 inire
1001 2926 1143 3004 nollent,
1166 2925 1275 2992 denuo

210 3051 297 3106 mota
326 3053 399 3107 suut
430 3052 454 3106 ⁴.
500 3037 651 3130 Suspicor
676 3039 759 3106 illud
790 3039 955 3116 accidisse,
987 3061 1086 3129 quum
1111 3039 1274 3104 Hannibal

211 3154 312 3244 copiis
327 3153 464 3219 Hadriae
481 3152 607 3219 reiectis
631 3156 696 3234 via,
722 3176 803 3245 quae
826 3177 885 3244 per
901 3153 1030 3219 Teatem
1045 3164 1077 3218 et
1095 3150 1274 3218 Corfinium

211 3265 301 3331 ducit
330 3266 444 3332 Albam
472 3265 698 3345 Hucentinam,
732 3269 765 3332 in
793 3266 968 3331 Marsorum
992 3276 1109 3330 terram
1128 3266 1274 3354 perrexit.

211 3378 319 3445 Livius
350 3393 364 3431 ⁵
393 3381 504 3447 annuit
531 3380 595 3446 tale
624 3379 718 3470 quid,
752 3379 871 3470 quippe
893 3378 949 3468 qui
968 3377 1078 3442 scribit
1097 3376 1202 3467 primo
1222 3376 1276 3442 die
1306 3422 1309 3427 <

212 3515 311 3583 quum
329 3492 363 3558 iu
380 3493 429 3559 via
445 3493 559 3559 Latina
575 3503 735 3584 pergeret,
753 3492 835 3557 illud
851 3490 1016 3570 accidisse;
1040 3487 1128 3579 quod
1145 3489 1170 3553 si
1187 3501 1276 3555 recto

212 3604 452 3697 disputaverim,
474 3630 534 3698 pro
554 3608 657 3674 Aeca‘s
673 3606 755 3671 forte
772 3605 884 3695 Aequi
902 3602 1104 3693 intelligendi
1120 3613 1224 3667 essent
1242 3613 1275 3668 et

210 3740 270 3810 pro
297 3723 407 3811 Arpis
434 3729 446 3767 ⁶
475 3720 689 3787 revocandum
707 3717 887 3809 Arpinum
913 3716 967 3782 sed
992 3715 1055 3781 hoc
1074 3715 1204 3781 fortasse
1222 3717 1275 3782 ni·

210 3831 312 3896 mium
343 3844 406 3912 est,
439 3846 471 3899 et
499 3834 635 3900 sufficiat
662 3831 756 3896 nobis
787 3853 910 3896 sumere
937 3830 971 3893 iu
996 3828 1145 3918 Apuliam
1172 3848 1273 3919 quum

210 3941 355 4009 historici
373 3945 566 4012 tradiderant
587 3944 767 4038 pervenisse
784 3943 1014 4022 Hannibalem,
1037 3940 1114 4006 hinc
1133 3942 1273 4007 inillam

210 4058 372 4148 regionem
403 4060 550 4150 migrasse
578 4082 704 4151 pugnae
730 4058 817 4124 illius
842 4057 1052 4134 mentionem,
1076 4077 1158 4146 quae
1177 4076 1274 4147 vaga·

212 4169 306 4237 batur
326 4172 447 4263 absque
464 4186 552 4239 certa
572 4174 655 4259 sede.

239 4443 339 4507 nvn.
365 4452 406 4498 es.
458 4444 575 4514 uvnr.
600 4452 641 4497 oa.
693 4443 774 4515 nm.
799 4451 840 4499 or.
866 4453 889 4499 s.
942 4442 963 4514 ⁴)
980 4444 1069 4511 Polyb.
1092 4444 1144 4495 m.
1168 4445 1278 4507 sarr.

204 4528 225 4597 Β)
244 4529 331 4581 xxa.
353 4537 391 4582 ro.
445 4530 466 4598 v)
483 4533 541 4584 mv.
559 4531 649 4583 xxu.
672 4537 710 4581 η.
