3210 5300
587 416 608 498 l
630 418 659 480 8.
681 436 822 480 nrcraron
843 423 912 484 537.
1230 429 1286 490 321

217 607 332 675 modus
361 607 475 688 hostis,
504 622 615 677 contra
642 634 737 703 quem
763 635 796 679 se
819 612 1042 695 defenderent,
1067 618 1093 682 si
1118 619 1200 687 lorte
1219 623 1279 715 ipsi

214 734 412 815 peterentur.
460 722 515 789 Nil
544 723 718 815 quidquam
738 739 885 817 poterant
905 728 1057 811 Romani,
1081 730 1197 800 frustra
1216 736 1278 803 im-

215 836 407 927 pedivissent
428 837 562 917 Poenos,
586 860 627 903 ne
647 837 845 906 devastarent
866 840 1042 909 Frentanus
1061 856 1092 911 et
1111 844 1277 936 Apuliam,

215 971 290 1040 crgo
316 951 474 1042 recipiunt
504 973 570 1017 sese
599 951 632 1018 in
659 953 818 1019 montium
840 954 928 1043 iuga,
951 978 1033 1045 quae
1050 957 1179 1025 Latium
1207 963 1277 1028 cin·

212 1073 293 1151 gunt
322 1073 354 1128 et
383 1063 578 1142 defendunt,
602 1076 634 1130 et
659 1064 863 1154 Apenninum
887 1088 987 1157 quum
1008 1071 1166 1159 superarit
1186 1073 1278 1140 llan-

213 1173 301 1239 nibal
319 1175 383 1255 ria,
399 1199 481 1266 qnae
498 1176 587 1243 ducit
605 1177 737 1244 Luceria
761 1181 907 1270 Aequum
931 1181 1080 1248 Tuticum
1098 1195 1184 1251 trans
1200 1186 1277 1253 Hir·

213 1288 322 1377 pinos,
346 1288 481 1355 dictator
498 1303 626 1381 paratus
644 1304 803 1383 exspectat
819 1293 887 1358 eius
902 1293 1073 1361 adrentum
1092 1320 1128 1363 er
1145 1297 1277 1366 Samnio

212 1421 276 1465 nnn
295 1398 453 1466 decedens
476 1401 529 1466 aed
551 1403 583 1468 in
604 1402 687 1467 Latii
710 1404 826 1468 tinibus
846 1404 975 1496 degens,
1001 1420 1035 1472 ut
1052 1422 1127 1500 apto
1145 1433 1276 1503 qnoque

210 1524 352 1604 tempore
379 1512 462 1579 hano
490 1514 602 1582 saltem
629 1528 753 1607 partem
779 1518 891 1584 Italiae
922 1519 1106 1589 defenderet
1127 1523 1274 1592 adsersus

208 1627 424 1693 Hannibalem
435 1676 443 1707 ,
455 1628 511 1717 qni
522 1627 738 1695 Beneventum
750 1643 757 1679 ¹
773 1653 809 1695 an
821 1631 953 1698 llomam
966 1647 1052 1700 recta
1065 1637 1112 1701 ria
1123 1637 1271 1727 petebat,

209 1753 242 1807 et
266 1741 329 1807 iam
356 1741 510 1807 Telesiam
538 1753 673 1832 ceperat.
722 1744 813 1810 llanc
835 1745 947 1812 urbem
972 1747 1080 1816 Livius
1101 1763 1274 1833 memorat,

209 1853 361 1943 Polybius
390 1867 403 1905 2
436 1877 510 1920 reru
543 1854 638 1920 tradit
673 1857 860 1922 Οὐενουσίαν
898 1859 1096 1941 εὐτείχιστον
1133 1858 1226 1929 οὖσαν
1257 1888 1275 1930 a

209 1968 322 2034 Poenis
357 1979 483 2059 captam
518 1990 603 2048 esse,
638 1968 724 2059 quod
761 1992 877 2035 nomen
909 1969 1071 2038 Haalrhius
1103 1975 1273 2042 emendare

207 2082 288 2161 rult,
312 2093 348 2147 ut
371 2081 426 2147 ille
446 2105 577 2172 qnoque
597 2082 749 2148 Telesiam
770 2094 940 2162 memoret,
964 2083 1017 2150 sed
1038 2109 1102 2151 non
1121 2111 1200 2178 opus
1210 2101 1272 2168 est,

207 2218 281 2260 narn
307 2194 400 2261 facile
419 2195 626 2285 intelligimus
646 2196 860 2262 Hannibalem
878 2196 1027 2263 maluisse
1046 2220 1158 2288 capere
1181 2200 1269 2266 illam

208 2309 337 2390 urbem,
371 2332 451 2399 quae
480 2321 547 2376 erat
577 2308 701 2373 colonia
731 2308 893 2389 Romana,
917 2332 957 2374 ne
982 2307 1147 2377 Samnium
1172 2335 1273 2403 quum

204 2421 369 2501 intrasset,
401 2447 418 2488 a
445 2434 533 2512 tergo
564 2422 716 2487 Venusini
745 2444 818 2487 enm
843 2422 1103 2512 aggrederentur3
1127 2423 1203 2491 binc
1222 2449 1273 2492 se·

205 2535 315 2624 quitur
347 2546 433 2602 recte
455 2534 587 2601 omnino
608 2557 667 2624 pro
689 2534 872 2614 ἀτείχιστον
894 2534 1088 2625 rescripsisse
1109 2534 1272 2605 Gasaubo·

204 2673 282 2716 num
302 2648 528 2730 εὐτείχιστον,
553 2645 639 2738 quod
660 2647 692 2711 in
713 2646 871 2712 coloniam
893 2660 979 2714 recte
1000 2647 1096 2716 eadit.

249 2761 412 2829 Hannibal
439 2785 456 2826 a
489 2760 607 2827 riarum
632 2760 742 2850 peritis
772 2759 904 2825 edoctus
925 2768 937 2806 ‘
960 2760 1121 2829 Romanos
1140 2787 1158 2829 a
1176 2764 1269 2831 sociis

202 2875 390 2943 interclusos
410 2874 497 2954 fore,
521 2897 622 2965 quum
644 2873 759 2938 saltum
781 2871 933 2939 Casinum
955 2887 1154 2966 occupasset,
1180 2877 1268 2944 iussit

200 2990 235 3055 in
255 3012 366 3080 agrum
387 2987 565 3055 Casinatem
585 2987 750 3078 progredi3
774 2987 851 3054 sitns
870 2989 1016 3055 locorum
1040 2988 1115 3056 huic
1135 2991 1180 3056 rei
1202 3014 1267 3057 non

202 3102 322 3180 obstat,
352 3123 425 3166 narn
453 3099 627 3166 dummodo
655 3101 748 3165 illum
780 3100 896 3167 saltum
925 3112 1064 3181 teneret,
1095 3103 1267 3193 impediret

200 3216 359 3282 sociorum
379 3216 439 3280 iter
459 3215 491 3279 in
514 3214 596 3280 riam
619 3214 785 3294 Latinam,
809 3212 886 3281 dum
906 3215 972 3304 ipse
993 3215 1114 3282 Urbem
1133 3228 1265 3307 peteret.

199 3328 263 3395 Sed
293 3341 371 3394 tunc
399 3328 539 3418 primum
568 3326 783 3393 Hannibalem
805 3326 933 3393 fortuna
955 3327 1090 3407 fefellit,
1121 3329 1154 3393 in
1175 3328 1265 3396 Gasi-

197 3443 300 3509 linum
329 3465 445 3534 nempe
472 3440 587 3506 ductus
606 3453 668 3521 est,
692 3441 797 3531 quiin
820 3439 969 3508 Casinum
991 3454 1057 3507 erat
1080 3440 1263 3524 ducendus,

196 3557 261 3623 sire
286 3579 403 3622 nomen
429 3579 494 3621 non
515 3554 588 3620 satis
609 3554 757 3619 distincte
776 3554 873 3620 Poeni
888 3555 1180 3645 pronuntiaverint,
1197 3556 1262 3622 sira

196 3669 332 3737 ducibus
362 3670 448 3736 fraus
476 3667 643 3734 tribuatur.
686 3668 821 3758 Propter
850 3666 936 3733 hunc
966 3691 1105 3735 errorem
1133 3691 1260 3735 aversus

195 3796 244 3849 est
262 3784 303 3849 ab
322 3784 451 3863 itinere3
472 3793 659 3874 pervenerat
675 3781 737 3847 iam
754 3780 792 3846 ad
812 3779 1005 3859 Allifanum,
1023 3791 1101 3846 tunc
1117 3804 1258 3848 reversus

196 3893 236 3960 ad
258 3895 421 3962 meridiem
441 3919 498 3985 per
516 3894 696 3963 Caiatinum
717 3916 826 3983 agrum
851 3893 899 3983 (ut
919 3904 1004 3958 recte
1025 3892 1108 3983 apud
1130 3894 1255 3961 Livium

193 4008 383 4098 rescriptum
408 4021 454 4073 est
472 4032 531 4099 pro
552 4006 699 4073 Calatino
719 4029 812 4098 agro,
836 4029 908 4071 nam
929 4028 993 4070 non
1014 4017 1079 4070 erat
1098 4027 1155 4072 eur
1175 4006 1258 4073 Vul-

192 4133 323 4188 turnum
343 4120 540 4211 traiiceret),
568 4119 683 4186 deinde
709 4142 766 4210 per
783 4118 938 4185 Calenum
955 4118 988 4183 iu
1005 4140 1152 4209 campum
1170 4117 1257 4186 Stel-

193 4234 291 4302 latem
320 4234 496 4301 deseendit.
552 4231 606 4298 Sic
636 4233 766 4300 intrarit
792 4231 969 4299 Casilinum
990 4231 1107 4298 saltum
1126 4245 1158 4298 et
1179 4234 1258 4301 vidit

222 4483 242 4550 ι)
259 4483 347 4550 norya.
362 4485 413 4536 111.
429 4489 473 4544 so;
491 4483 549 4534 mv.
564 4481 655 4533 xxn.
674 4488 713 4532 ra.
766 4478 786 4548 ¹)
804 4481 856 4532 111.
866 4481 958 4543 sora.
979 4494 983 4501 ·
1013 4478 1032 4547 ⁵)
1050 4482 1108 4533 mv.
1120 4483 1210 4535 xxrr.
1223 4489 1263 4535 ra.

1080 4569 1120 4628 21
