3194 5302
431 457 452 539 5
472 457 502 519 6.
522 474 724 518 souucnrtnu
745 473 904 517 oenrrtrou
925 473 1082 517 rssronurr.
1252 455 1292 516 23

223 652 279 717 ubi
308 649 349 716 de
380 649 543 716 Verrucosi
564 630 782 741 prodictatura
803 650 882 740 agit,
908 661 940 714 et
960 650 1128 740 perspicue
1147 648 1286 714 ostendit

221 777 364 856 posteros
385 763 505 829 auxisse
530 763 648 829 lamam
673 785 778 829 rerum
802 775 976 853 gestarum;
1000 762 1087 853 quod
1109 785 1209 853 quum
1229 761 1285 826 Li·

220 879 289 943 'rius
316 876 435 942 evincit
460 876 499 941 de
529 900 567 943 eo
597 888 758 968 tempore,
783 898 848 966 quo
874 874 1004 942 historia
1024 876 1168 942 Romana
1189 874 1286 941 condi

219 1001 334 1080 coepta
365 1002 427 1066 est,
460 989 539 1079 quid
560 988 684 1055 iam'de
706 987 941 1079 antiquioribus
962 988 1147 1078 exspectes?
1196 987 1284 1072 Quae

220 1126 319 1194 quum
345 1102 390 1167 ita
410 1104 486 1181 sint,
511 1101 559 1166 rel
581 1102 613 1167 in
635 1124 687 1180 ea,
712 1124 796 1191 quae
815 1112 968 1192 apparent
989 1123 1026 1166 ex
1049 1101 1284 1166 commentariis

218 1216 390 1306 gentiliciis
410 1216 536 1281 fluxisse
559 1214 591 1279 in
612 1214 836 1280 historicorum
857 1236 970 1305 opera,
1000 1213 1161 1303 inquirere
1185 1212 1284 1279 debe-

219 1352 290 1394 mus
312 1351 424 1395 rerane
444 1351 482 1393 an
503 1328 581 1393 falsa
603 1325 718 1392 tradita
742 1327 819 1406 sint,
843 1349 945 1417 quum
966 1338 1090 1391 constat
1109 1326 1159 1392 rel
1178 1327 1284 1418 ipsum

219 1439 833 1530 mmmmmmfflmffim

268 1553 431 1638 Quaenam
457 1563 563 1617 autem
589 1551 622 1615 in
646 1550 881 1616 commentariis
897 1551 1068 1641 gentilioiis
1084 1552 1197 1618 tradita
1213 1552 1285 1619 iue-

218 1667 303 1745 rint,
321 1688 358 1731 er
378 1666 490 1755 paucis
511 1663 636 1730 indiciis
658 1676 781 1729 tantum
802 1663 956 1754 expiscari
974 1687 1157 1753 possumus,
1178 1687 1283 1757 neque

217 1780 259 1844 de
283 1776 432 1843 Fabianis
450 1798 499 1841 res
518 1798 551 1840 se
570 1776 684 1841 melius
704 1774 813 1855 habet3
844 1776 920 1841 licet
944 1776 1074 1867 quidem
1105 1778 1284 1869 suspicione

215 1888 379 1981 probabili
408 1887 566 1952 coniicere
594 1901 680 1954 certa
709 1888 869 1979 quaedam
891 1888 975 1954 sacta
1000 1889 1032 1954 in
1054 1890 1092 1955 iis
1111 1892 1283 1957 memoriae

216 2002 332 2069 tradita
353 2001 464 2079 luisse,
494 2023 631 2091 quorum
656 2002 812 2069 nonnulla
830 2001 944 2093 passim
965 2000 1117 2070 indicarit
1136 2002 1284 2069 Niebuh-

216 2117 282 2181 rius
320 2126 351 2180 et
386 2114 442 2205 qui
472 2136 544 2178 eum
575 2125 770 2204 sequuntur,
800 2114 855 2179 scd
883 2115 916 2178 in
944 2112 993 2179 his
1018 2115 1187 2181 subsistere
1217 2140 1283 2182 non

214 2228 318 2294 lubet.
361 2226 469 2294 Unum
491 2237 616 2292 tantum
637 2227 808 2317 attingam,
831 2225 1047 2293 laudationem
1073 2214 1166 2307 tolo,
1186 2251 1283 2319 quarn

214 2341 260 2407 Μ.
282 2340 400 2406 Fabius
422 2339 601 2404 Vibulanus
621 2339 668 2429 (l)
697 2340 923 2429 pronunciasse
952 2340 1085 2416 lortur¹
1117 2340 1157 2407 de
1186 2341 1284 2408 fratre

214 2453 337 2538 Quinto
359 2456 408 2541 (2)
422 2475 506 2518 anno
524 2456 605 2532 2743
624 2452 761 2518 credidit
777 2476 892 2543 nempe
903 2452 1073 2519 Niebuhr²
1095 2454 1209 2544 procul
1221 2455 1282 2520 du·

214 2568 271 2632 bio
296 2566 469 2633 Annalium
491 2578 636 2632 auctores
658 2567 781 2632 novisse
799 2566 887 2632 illam
903 2566 1140 2646 laudationem,
1160 2567 1285 2634 etiamsi

211 2705 285 2748 eam
314 2680 407 2746 valde
430 2691 584 2746 mutatam
604 2679 698 2745 nobis
719 2679 926 2758 servaverint,
956 2703 1031 2745 nam
1051 2703 1202 2747 numerus
1221 2683 1284 2747 mi-

212 2797 323 2872 litum,
346 2794 387 2859 de
412 2815 477 2884 quo
500 2815 602 2858 senno
621 2793 675 2870 lit,
699 2814 764 2856 non
785 2791 957 2883 respondet
977 2792 1045 2858 istis
1069 2794 1282 2884 temporibus,

212 2930 320 2998 neque
345 2906 429 2997 pilae
452 2905 590 2983 mentio,
620 2927 702 2993 quae
730 2916 808 2968 tunc
834 2903 978 2969 nondum
996 2914 1063 2969 erat
1081 2905 1113 2969 in
1137 2928 1206 2973 usu.
1243 2906 1283 2973 dt

211 3032 344 3113 propter
363 3018 419 3085 has
438 3018 520 3108 ipsas
539 3039 648 3083 causas
665 3017 768 3083 evinci
784 3028 889 3106 potest
907 3016 1142 3098 laudationem,
1161 3019 1202 3085 de
1219 3044 1282 3112 qua

213 3134 320 3199 obiter
340 3144 464 3198 tantum
486 3131 552 3220 agit
572 3129 696 3207 Livius,
724 3152 762 3195 ex
791 3128 1015 3195 historicorum
1045 3144 1153 3197 mente
1181 3146 1282 3200 totam

211 3259 367 3339 quantam
397 3245 543 3324 fluxisse,
574 3244 682 3309 Livius
707 3243 794 3309 enim
826 3266 892 3332 quo
917 3243 1033 3309 melius
1054 3245 1220 3335 graphice,
1246 3260 1281 3313 ut

211 3362 341 3439 dieunt,
365 3359 551 3450 depingeret
571 3357 747 3435 Romanos,
772 3378 826 3421 eos
845 3355 971 3421 inducit
994 3356 1088 3421 rerba
1108 3358 1279 3440 facientes,

212 3497 298 3564 quae
318 3496 356 3538 er
376 3495 433 3538 sno
452 3470 581 3560 ingenio
602 3469 779 3560 supplerit,
802 3469 893 3558 atqui
910 3469 1199 3539 llarcnseadioere
1211 3496 1281 3540 orn·

211 3589 291 3653 nino
315 3606 380 3651 non
401 3581 524 3674 potuit;
554 3602 636 3670 quae
664 3602 764 3670 quum
784 3580 830 3645 ita
853 3580 934 3660 sint,
957 3581 1008 3647 rel
1026 3582 1157 3649 credere
1176 3586 1278 3652 ausim

211 3700 276 3765 hoc
305 3719 435 3789 quoque
463 3719 481 3760 a
508 3693 600 3759 Livio
628 3716 694 3759 esse
714 3693 917 3784 suppletum,
946 3694 1033 3784 qnod
1060 3695 1278 3763 laudationem

210 3812 348 3879 Fabium
369 3809 517 3875 habuisse
537 3807 713 3897 scripserit,
733 3828 805 3871 nam
826 3829 863 3871 er
882 3807 1027 3896 analogia
1049 3818 1080 3872 et
1102 3809 1279 3899 antiquita-

210 3927 252 3992 tis
273 3924 404 3991 scientia
425 3922 487 3987 hoc
506 3922 550 3986 ita
570 3920 752 4011 descripsit3
780 3942 875 4009 quam
894 3921 1031 4009 graviter
1047 3920 1108 3986 hac
1124 3923 1190 4013 ipsa
1206 3923 1277 3988 lau-

208 4039 340 4105 datione
370 4036 552 4126 impegerit,
577 4033 715 4099 ostendit
731 4031 935 4098 Nicbuhrius.
983 4031 1022 4098 In
1047 4034 1182 4102 eandem
1203 4061 1276 4104 sen-

208 4152 343 4219 tentiam
376 4150 414 4216 G.
438 4148 474 4215 0.
501 4147 639 4213 Lewis³
670 4146 859 4236 disputarit,
892 4157 927 4210 ut
951 4169 1037 4213 nuno
1063 4149 1163 4216 video.

239 4319 259 4388 ¹)
277 4321 334 4370 Liv.
353 4318 390 4368 II.
410 4320 451 4367 47.
537 4311 558 4379 ²)
577 4311 611 4363 R.
632 4310 662 4364 G.
681 4313 718 4362 11.
738 4317 796 4361 224.
865 4309 887 4378 ὅ)
909 4311 944 4365 On
962 4313 999 4364 tlte
1015 4315 1148 4384 credibility
1165 4320 1201 4381 os
1213 4320 1280 4387 carly

198 4405 299 4457 Rotnon
316 4402 435 4469 Hirtam,
452 4403 474 4452 1.
497 4406 544 4451 192
563 4416 589 4451 u.
608 4405 652 4448 41.
1242 4402 1246 4427 t

663 4532 851 4571 —··0——
