3210 5300
350 458 378 507 o.
399 455 502 500 riorus
523 455 550 506 o.
572 457 598 501 r.
620 457 648 506 o.
669 456 697 500 n.
719 453 812 499 urano
833 434 909 520 (41).
933 435 955 518 5
978 436 1005 497 1.
1027 452 1173 497 senonen.
1243 436 1298 497 361

226 653 380 699 ruoosum
417 632 541 699 luctum
574 632 667 699 illum
701 632 826 723 egregie
859 629 969 697 tulisse
999 642 1030 696 et
1060 629 1162 697 filium
1192 630 1298 720 ipsum

232 745 376 813 laudasse
396 759 428 813 et
449 747 611 826 extulisse,
631 768 724 837 sopra
749 760 760 798 ¹
781 746 844 811 iam
864 744 988 813 dictum
1009 756 1067 811 est.

276 858 347 943 Quo
363 860 493 926 nornine
508 871 630 950 patrem
649 859 791 925 imitatus
805 858 902 924 luerit
918 859 950 924 in
966 857 1066 949 gloria
1079 856 1125 923 rei
1138 855 1299 935 militaris,

226 971 319 1063 >quod
340 970 452 1040 Cicero
469 984 482 1023 ²
500 971 541 1038 de
556 971 657 1038 Fabio
676 984 785 1038 nostro
802 971 943 1061 scripsit,
960 994 1024 1037 non
1041 980 1203 1036 assecutus
1220 991 1299 1049 sum.

685 1209 843 1219 ———-—

609 1378 789 1454 CAPUT
823 1377 925 1453 VIII.

397 1558 539 1621 ournrus
561 1554 680 1606 ruerus
703 1559 733 1618 o.
757 1557 786 1604 r.
809 1558 840 1617 o.
865 1557 896 1605 rr.
919 1556 1026 1605 usuro
1050 1538 1131 1629 (11).

617 1707 634 1790 §
663 1708 689 1771 l.
736 1705 918 1795 Agnomen.

276 1870 490 1962 Ghronologia
509 1871 592 1939 duce
612 1872 815 1961 pervenimus
835 1871 874 1936 ad
895 1871 930 1955 Ω.
944 1872 1080 1938 Fabium
1097 1872 1296 1955 Labeonem,

227 1987 288 2078 qui
306 1986 454 2077 pluribus
477 1985 662 2051 nominibus
683 1984 863 2051 uberiorem
881 1986 975 2051 nobis
993 1985 1178 2078 disputandi
1197 1999 1299 2055 mate·

230 2100 311 2166 riem
339 2098 480 2190 praebet.
527 2096 581 2163 Sic
606 2120 762 2188 agnomen
784 2097 852 2162 eius
872 2098 1081 2165 etiamsinon
1101 2099 1299 2179 inauditum,

228 2213 321 2296 (nam
344 2211 482 2279 occurrit
501 2222 627 2302 praeter
644 2209 727 2276 hano
748 2210 782 2276 in
802 2222 897 2300 geute
918 2211 1041 2290 Atinia,
1062 2210 1218 2291 Antistia,
1239 2211 1299 2278 As·

229 2325 340 2403 oonia,
364 2324 532 2415 Pompeia,
556 2323 763 2414 Pomponia),
790 2335 895 2390 tamen
916 2323 1103 2392 difficultate
1125 2325 1299 2415 premitur,

228 2461 304 2503 narn
323 2459 388 2502 non
410 2447 553 2515 constat,
576 2436 662 2502 unde
685 2436 839 2527 originem
859 2438 998 2504 traxerit.
1046 2436 1081 2502 Si
1100 2437 1261 2503 Prisciano
1283 2448 1297 2485 ³

231 2551 341 2618 eredas
360 2576 378 2616 a
398 2553 471 2617 labe
491 2561 596 2616 ortum
617 2563 678 2631 est,
703 2551 880 2617 seeundum
899 2551 1040 2617 Plinium
1062 2563 1075 2602 ⁴
1098 2576 1114 2617 a
1134 2554 1298 2619 labiorum

228 2666 327 2744 ritio,
350 2676 405 2730 aut
429 2676 465 2729 nt
484 2663 628 2730 Donatus
650 2678 663 2714 ⁵
682 2663 818 2755 explieat
843 2688 860 2730 a
883 2665 1055 2730 maioribus
1076 2664 1186 2744 labiis,
1210 2663 1298 2755 quod

228 2779 394 2847 Charisius
424 2800 555 2868 quoque
579 2801 616 2844 ex
640 2777 750 2845 Verrio
770 2778 889 2844 Flauus
910 2777 1033 2857 attulit;
1058 2789 1194 2869 uterque
1213 2779 1299 2844 enim

226 2892 295 2960 ‚hon
322 2891 440 2970 uoluit,
469 2891 664 2982 seripserunt
693 2888 825 2982 quidem
853 2893 998 2957 alobn's
1016 2890 1195 2958 immodicis
1216 2892 1297 2991 illud

227 3029 351 3076 nomen
379 3017 511 3084 natum,
544 3003 599 3071 sed
629 3004 734 3070 obstat
765 3004 974 3095 etymologia,
1008 3016 1077 3071 tum
1108 3004 1196 3071 labra
1225 3018 1299 3071 sunt

230 3119 359 3211 proprie
383 3118 562 3197 asinorum,
591 3117 751 3208 superiora
778 3140 851 3183 rero
870 3117 966 3184 labia.
1014 3118 1149 3183 Exstant
1167 3092 1312 3207 quidam·

230 3230 328 3297 huius
355 3232 400 3297 rei
427 3230 571 3321 exempla
597 3230 758 3297 simillima
784 3240 814 3310 ⁸,
838 3230 977 3301 sednon
1000 3253 1128 3321 prorsus
1150 3232 1298 3322 analoga,

231 3358 268 3412 nt
287 3369 306 3412 a
325 3346 414 3412 labes
438 3356 493 3410 ant
513 3367 531 3409 a
551 3344 644 3409 lobia
666 3345 722 3409 fiat
742 3345 842 3410 labeo.

598 3528 615 3611 §
641 3529 671 3590 2.
722 3524 940 3618 Genealogia.

278 3685 382 3753 Maior
406 3698 513 3753 tamen
542 3684 714 3752 diffioultns
745 3685 778 3751 in
808 3684 992 3775 genealogia
1020 3684 1121 3764 inest3
1151 3707 1226 3751 nam
1250 3685 1298 3750 nil

232 3798 321 3866 eliud
345 3799 385 3867 de
405 3822 442 3864 ea
461 3810 584 3864 constat
602 3808 632 3878 ⁷,
657 3820 753 3888 quam
773 3795 884 3880 Quinti
900 3797 1002 3863 lilium
1023 3797 1133 3883 Quinti
1148 3810 1298 3888 nepotem

231 3913 331 3981 fuisse
358 3924 512 3980 nostrum.
569 3910 739 3996 Quaeritur
768 3911 899 4002 quinam
930 3911 1051 3978 luerint
1080 3910 1193 3995 Quinti
1220 3910 1297 3976 illil

232 4025 330 4093 docet
358 4038 490 4093 stemma
517 4026 551 4091 in
580 4025 670 4095 nulla
701 4024 822 4091 familia
848 4026 887 4092 iis
911 4024 1018 4091 looum
1039 4025 1188 4114 assignari
1207 4048 1299 4115 posse

232 4150 359 4230 praeter
387 4138 421 4202 in
447 4139 597 4218 Marima3
625 4150 658 4205 at
678 4150 787 4229 postea
808 4161 938 4230 quoque
959 4137 1088 4204 Maximi
1109 4151 1299 4218 occurrunt,

260 4339 280 4404 ¹)
297 4342 337 4395 Of.
364 4342 425 4408 Cup.
444 4342 492 4408 rb
512 4342 636 4392 17·huius
652 4343 738 4404 Libri,
757 4359 781 4408 p.
800 4347 860 4394 318.
912 4328 1005 4407 ²)Pro
1027 4339 1092 4393 Rau.
1109 4339 1223 4394 Pontiul
1246 4345 1303 4408 §2

219 4423 246 4486 ³)
263 4427 313 4478 IV.
341 4432 366 4476 2.
395 4431 418 4478 7.
493 4423 514 4491 ⁴)
532 4424 569 4476 H.
589 4424 626 4477 N.
650 4426 701 4478 XI.
725 4432 768 4478 37.
838 4424 859 4494 5)
876 4424 920 4477 Aa
949 4424 1042 4479 Terent.
1071 4425 1135 4479 Eun.
1162 4429 1199 4481 11.
1217 4435 1241 4480 3.
1261 4433 1303 4477 15.

222 4508 247 4577 θ)
265 4511 306 4565 cf.
323 4512 380 4562 Lib.
399 4514 450 4563 ΠΙ.
467 4510 528 4578 Cap.
547 4510 586 4578 ri
607 4516 635 4574 t,
653 4526 677 4579 p.
699 4517 756 4564 131.
826 4510 847 4583 7)
864 4513 933 4566 Faet.
951 4512 1090 4579 Cup-tlt.
