3210 5300
345 435 407 497 310
489 453 517 502 o.
538 446 640 493 raarus
661 451 690 500 o.
711 449 738 491 r.
760 450 789 499 o.
809 447 838 490 u.
860 442 990 491 ursinus
1010 445 1180 493 cuncrrron
1199 426 1274 511 (33).

354 629 470 710 fuisse,
491 627 584 695 valde
604 625 733 704 dubito,
750 647 825 691 nam
844 622 970 691 nonnisi
986 623 1122 691 editores
1140 623 1203 693 hoc
1221 621 1414 691 vocabulum

353 754 465 809 contra
493 741 618 807 codices
647 740 843 805 intruserunt
874 736 961 828 quod
986 759 1111 807 summo
1136 737 1203 805 lure
1233 736 1293 823 sibi
1320 736 1416 804 licere

355 856 525 922 credebant
549 864 682 946 propter
710 851 819 916 Fastos
845 862 944 941 atque
970 851 1057 916 illam
1078 848 1332 939 inscriptionem,
1375 848 1417 919 lt

356 969 397 1034 de
415 969 480 1034 lide
500 968 587 1033 tituli
606 979 714 1033 actum
734 978 799 1044 est,
822 965 855 1031 ni
873 964 983 1042 fallor,
1005 987 1042 1030 ex
1058 963 1160 1029 Fastis
1177 963 1264 1031 enim
1280 962 1343 1029 hoc
1361 987 1418 1054 ap-

354 1092 446 1173 paret
472 1080 607 1146 duxisse.
651 1082 719 1146 Iam
748 1089 892 1169 superest
919 1100 1009 1167 ergo,
1034 1088 1069 1141 ut
1088 1075 1189 1141 Fastis
1209 1074 1305 1142 fidem
1326 1075 1417 1143 abiu·

357 1194 477 1273 dicem,
510 1193 599 1284 quod
629 1215 668 1259 eo
693 1191 822 1258 facilius
849 1190 979 1271 faciam,
1011 1189 1099 1280 quod
1128 1189 1192 1255 iam
1219 1186 1272 1254 hio
1298 1199 1329 1255 et
1349 1188 1419 1255 illic

354 1304 492 1373 vidimus
517 1307 647 1372 illorum
677 1317 821 1371 auctores
847 1303 953 1371 minus
976 1313 1123 1369 accurate
1142 1314 1279 1369 rersatos
1300 1302 1418 1371 esseio

356 1418 476 1484 tabulis
486 1418 553 1484 istis
570 1417 799 1509 componendis
806 1439 815 1497 ;
831 1415 885 1482 sed
907 1414 993 1481 aliud
1013 1413 1133 1493 habeo,
1153 1412 1313 1479 contendo
1328 1437 1418 1483 uena-

358 1554 399 1621 pe
415 1529 548 1597 Fabium
564 1543 644 1596 teste
664 1530 783 1595 Lirio¹
810 1528 905 1595 inisse
924 1552 983 1621 pre
1002 1527 1157 1593 dictatore
1175 1528 1279 1617 (537),
1303 1539 1335 1591 at
1356 1526 1420 1592 illis

360 1642 517 1707 dictatura
544 1641 642 1731 magis
667 1639 831 1730 placebat3
864 1652 931 1704 tum
959 1640 1005 1704 rei
1028 1638 1184 1729 gerendae
1202 1660 1295 1704 causa
1316 1639 1420 1705 dictus

360 1767 423 1835 est,
456 1766 488 1820 at
518 1754 582 1819 illis
610 1752 782 1842 interregni
806 1774 899 1818 causa
924 1763 1048 1818 creatus
1074 1751 1256 1832 ridebatur;
1279 1750 1420 1842 denique

359 1869 393 1934 in
424 1867 524 1933 altera
551 1865 646 1933 huius
677 1866 753 1931 anni
781 1865 937 1931 dictatura
973 1888 1039 1931 nen
1076 1864 1311 1955 adscripserunt
1342 1866 1421 1933 ritio

360 1991 481 2045 creatos
508 1978 675 2045 Veturium
707 1992 739 2045 et
768 1978 980 2070 Pomponium
1005 2002 1037 2046 se
1057 1978 1233 2057 abdicasse,
1257 1978 1345 2068 quod
1364 1979 1421 2045 Li·

358 2093 459 2161 rius²
486 2092 601 2158 diserte
627 2103 767 2159 testetur.

405 2205 493 2289 Quae
514 2206 620 2271 omnia
639 2206 664 2270 si
678 2204 945 2296 reputaverimus,
968 2202 1054 2269 haud
1079 2205 1144 2270 scio
1169 2228 1209 2270 an
1227 2204 1330 2294 Pighii
1346 2227 1420 2271 sen·

358 2319 492 2385 tentiam
511 2319 663 2409 amplecti
680 2318 822 2407 placeat,
846 2317 902 2406 qui
920 2316 1097 2383 dubitatam
1122 2317 1214 2383 Fabii
1234 2316 1421 2387 dictaturam

358 2452 443 2498 anno
480 2436 546 2497 533
581 2431 698 2521 posuit.
754 2430 846 2497 llanc
880 2430 965 2497 enirn
994 2429 1140 2497 historici
1166 2453 1229 2496 non
1262 2442 1423 2509 annuunt,

356 2543 512 2634 Polybius
541 2566 657 2633 nempe
686 2543 801 2609 horum
831 2555 1010 2633 temporum
1037 2544 1287 2611 accuratissimus
1313 2556 1425 2609 auctor

357 2656 404 2723 nil
433 2655 531 2722 habet
561 2656 601 2722 de
629 2678 665 2722 ea
694 2679 743 2736 re,
775 2679 881 2746 neque
908 2655 1031 2735 Lirius,
1062 2657 1117 2746 qui
1142 2656 1301 2746 copiosius
1328 2678 1425 2746 qnam

361 2768 478 2834 assolet
515 2767 556 2833 de
586 2767 676 2833 Fabii
706 2767 861 2835 dictatura
888 2769 1014 2835 monuit
1046 2791 1083 2835 ex
1113 2781 1200 2834 certa
1229 2770 1426 2859 antiquitatis

362 2880 494 2947 scientia
512 2891 545 2945 et
571 2880 636 2945 acri
665 2879 706 2946 de
735 2881 836 2947 titulis
863 2880 998 2960 iudicio,
1032 2881 1072 2946 de
1095 2882 1200 2971 priore
1228 2904 1270 2947 ne
1292 2882 1424 2949 verbum

362 2991 492 3084 quidem
513 2992 628 3071 babet,
658 3016 754 3085 quam
779 2994 845 3060 sine
868 2993 969 3059 dubio
993 2993 1145 3083 attigisset
1171 2993 1228 3058 illo
1252 2994 1334 3061 loco.
1436 3042 1440 3049 -

555 3177 573 3260 §
599 3180 628 3242 7.
674 3174 823 3267 legatus
851 3171 1091 3264 Carthaginem
1114 3154 1180 3239 536
1207 3186 1229 3241 ³.

406 3333 502 3400 Anno
522 3336 587 3398 535
605 3353 705 3421 quum
723 3331 822 3397 Poeni
836 3331 1014 3421 Saguntum
1034 3354 1218 3422 oppugnare
1234 3335 1426 3424 coepissent,

360 3443 438 3511 socii
466 3443 516 3509 illi
543 3444 677 3511 Romam
705 3445 858 3511 miserunt
882 3444 1002 3533 legatos
1025 3445 1178 3511 auxilium
1207 3446 1327 3535 petitu,
1360 3471 1425 3514 non

362 3568 470 3623 tamen
489 3556 613 3647 placuit
632 3557 747 3623 auxilia
764 3555 966 3635 submittere,
989 3569 1099 3623 centra
1117 3556 1326 3647 legationem,
1342 3583 1426 3650 quae

363 3671 478 3736 frustra
514 3670 726 3737 Hannibalern
764 3669 937 3737 obsessioni
963 3671 1061 3737 finem
1089 3671 1255 3760 imponere
1282 3672 1370 3739 iussit
1399 3680 1426 3741 ⁴.

364 3782 471 3866 Quum
491 3806 561 3850 rere
581 3795 655 3874 post
672 3796 822 3851 netarum
842 3806 983 3852 mensem
1004 3782 1181 3873 Saguntum
1197 3785 1231 3851 in
1246 3787 1425 3854 Poenorum

362 3908 554 3988 potestatem
584 3898 687 3977 renit,
717 3899 838 3965 Romae
862 3898 1073 3965 deliberatum
1092 3910 1154 3979 est,
1177 3922 1217 3965 an
1236 3900 1298 3966 iarn
1320 3901 1425 3968 statim

363 4011 492 4078 loedere
523 4022 587 4076 tam
615 4022 708 4102 turpe
735 4012 873 4092 violato,
907 4009 1182 4101 Carthaginienses
1210 4014 1242 4078 in
1272 4012 1424 4105 Hispania

391 4228 412 4296 ¹)
430 4229 521 4280 XXII.
540 4233 582 4279 ar.
634 4227 823 4296 ²)XX11.aa.
876 4229 896 4299 5)
912 4232 1003 4298 Polyb.
1021 4233 1072 4283 ΙΙΙ.
1093 4239 1141 4294 ao,
1159 4239 1207 4295 ar,
1231 4240 1278 4294 ³¹³3
1296 4233 1345 4285 Dio
1363 4233 1431 4286 cars

356 4315 388 4365 fr.
399 4318 446 4374 55,
456 4318 487 4363 56
496 4336 503 4372 ;
512 4314 602 4364 Zonar.
611 4316 689 4366 VIII.
700 4321 732 4365 22
739 4338 746 4375 3
760 4317 817 4367 Lrv.
826 4316 904 4369 XXI.
917 4322 1017 4367 18-20
1023 4339 1031 4376 ;
1044 4316 1161 4367 Flor.11.
1171 4322 1185 4367 6
1199 4320 1213 4381 ξ
1225 4321 1246 4378 7;
1256 4318 1343 4368 Frons.
1352 4313 1430 4369 δῖναι.

354 4398 379 4449 Ι.
400 4403 428 4447 11
442 4399 494 4461 §43
512 4398 559 4449 Sil.
577 4399 634 4450 Ital.
652 4400 676 4451 Ι.
692 4404 740 4450 691
759 4416 827 4466 sqq„
841 4403 878 4451 II.
891 4407 974 4468 l.sqq.
1026 4398 1046 4468 6)
1063 4401 1155 4467 Polyb.
1167 4403 1218 4453 111.
1237 4407 1266 4453 15
1283 4405 1298 4466 ξ
1313 4410 1343 4463 2;
1361 4403 1431 4468 App.

357 4480 425 4533 Han.
437 4487 466 4544 23
484 4481 717 4543 nonas-vunan
735 4484 793 4538 Liv.
810 4485 886 4538 XXI.
899 4490 927 4550 6,
949 4491 993 4549 ll,
1010 4486 1080 4539 Flor.
1088 4488 1125 4540 11.
1136 4488 1215 4552 6§5;
1232 4488 1335 4554 Eutrop.
1345 4488 1396 4539 111.
1408 4491 1431 4538 7.
