3212 5294
288 414 292 423 '
342 425 404 487 268
492 450 518 499 o.
541 447 642 491 rsnros
664 451 694 494 n.
716 451 743 496 r.
765 449 792 493 n.
814 453 841 494 s.
864 450 998 496 narrans
1020 452 1182 499 acerranos
1203 434 1278 521 (17).

347 626 526 696 dictaturae
554 629 705 720 opinatur
729 629 762 694 in
782 629 949 695 annalibus
963 630 1099 697 Pictoris
1119 635 1287 724 vestigium
1307 635 1412 726 quod·

343 743 417 809 dam
445 743 559 821 fuisse3
583 753 652 807 tum
673 741 851 832 suspicatur
871 740 993 832 duplici
1011 742 1188 809 dictaturae
1209 745 1335 811 subesse
1356 748 1407 812 in-

342 857 478 935 dicium,
502 854 587 945 quod
607 867 742 944 uterque
760 853 915 919 honorem
934 855 1111 944 petivisset,
1135 879 1244 924 rerum
1266 857 1408 925 Valerius

341 982 464 1035 creatus
488 981 584 1048 esset,
608 980 640 1033 ct
660 991 734 1032 mor
755 967 918 1062 communi
938 988 1094 1033 consensu
1115 991 1223 1035 omnes
1243 973 1405 1038 centuriae

338 1082 503 1148 consulem
526 1082 560 1148 in
580 1102 699 1145 annum
722 1083 786 1146 456
808 1080 959 1145 dixissent
978 1080 1180 1160 Rullianum,
1204 1094 1240 1147 ut
1260 1083 1368 1150 Livius
1390 1098 1401 1135 ¹

337 1209 461 1274 narrat,
486 1194 573 1285 quod
585 1216 699 1259 munus
719 1193 751 1257 in
764 1215 883 1257 annum
896 1193 1128 1259 bellicosiorem
1147 1194 1272 1262 differre
1291 1197 1405 1264 maluit

336 1308 512 1374 secundum
534 1307 694 1372 Licinium
715 1317 746 1371 et
768 1306 988 1384 Tuberonem,
1018 1320 1050 1373 et
1071 1331 1108 1372 eo
1133 1330 1216 1373 anno
1238 1310 1351 1375 maiori
1370 1334 1402 1376 sc
1433 1340 1436 1345 ·

336 1422 406 1487 usui
425 1420 619 1511 reipublicae
637 1420 721 1499 fore,
746 1420 868 1486 urbano
887 1432 977 1510 gestu
995 1422 1196 1511 magistratu3
1220 1435 1299 1489 tunc
1315 1425 1402 1490 aedi·

335 1536 398 1601 lem
424 1535 568 1600 curulem
595 1557 668 1600 eum
693 1534 813 1599 lactum
834 1556 901 1599 esse
922 1533 1097 1599 secundum
1118 1534 1205 1614 illos,
1231 1535 1308 1603 dum
1328 1538 1400 1603 Piso

335 1660 445 1713 contra
470 1647 549 1713 alios
573 1647 693 1714 aediles
711 1648 838 1712 curules
860 1647 1023 1727 tradebat3
1048 1660 1079 1713 at
1100 1646 1153 1713 hic
1173 1671 1303 1739 quoque
1322 1648 1400 1717 (lar-

333 1762 400 1826 rilii
416 1782 593 1850 cognomen
611 1759 767 1824 Maximus
783 1759 893 1826 turbas
908 1758 1007 1825 dedit.

378 1873 450 1938 Non
474 1873 518 1938 ita
542 1895 600 1963 ego
624 1871 834 1950 crediderim,
856 1895 929 1939 narn
956 1873 1051 1939 facile
1079 1872 1160 1939 mihi
1180 1898 1307 1964 possum
1324 1899 1398 1967 per·

332 1987 463 2053 suadere
488 1997 626 2075 utroque
652 1985 724 2050 loco
745 1984 908 2075 duplicem
930 1984 1048 2052 lamam
1069 1999 1176 2052 natam
1197 2010 1263 2053 esse
1285 2012 1321 2055 er
1342 2012 1397 2069 eo,

331 2097 419 2189 quod
447 2099 479 2164 in
507 2097 676 2162 annalibus
703 2096 744 2163 de
770 2097 909 2163 Maximo
929 2110 1052 2164 tanturn
1075 2099 1228 2165 dictatore
1249 2114 1281 2167 et
1300 2102 1396 2167 aedili

330 2235 434 2278 sermo
464 2212 571 2290 fieret;
604 2232 664 2276 nec
692 2211 772 2276 milri
795 2210 985 2300 persuadere
1005 2235 1135 2302 possum
1158 2227 1282 2279 auctam
1305 2215 1396 2280 istam

329 2327 445 2391 lamam
469 2324 587 2390 Pictori
608 2324 733 2403 deberi,
758 2346 830 2389 nam
848 2323 919 2389 Piso
939 2326 1091 2390 vetustior
1110 2338 1222 2392 auctor
1237 2350 1302 2392 rern
1319 2328 1395 2392 sim-

327 2440 444 2530 plicius
473 2437 619 2516 tradidit,
655 2461 750 2528 quarn
773 2438 964 2503 recentiores
982 2438 1066 2503 mole
1088 2438 1285 2506 intellectam
1305 2440 1395 2506 aliter

328 2551 490 2629 ferebant;
522 2551 586 2615 iam
618 2549 643 2614 si
673 2549 780 2613 Pictor
806 2547 889 2613 illud
922 2547 1118 2628 tradidisset,
1151 2549 1259 2616 Livius
1280 2554 1392 2641 procul

329 2664 428 2728 dubio
444 2663 512 2727 eius
531 2662 728 2727 mentionem
746 2661 873 2726 fecisset
888 2672 920 2726 et
935 2659 974 2725 ad
993 2661 1060 2727 eius
1078 2663 1298 2729 auctoritatem
1315 2689 1391 2755 pro-

328 2788 485 2854 vocasset3
509 2774 563 2840 sed
587 2774 668 2840 illud
690 2776 792 2864 ipsum
817 2797 880 2840 non
902 2775 1008 2864 potnit
1028 2774 1152 2839 tradere
1173 2775 1294 2857 Pictor,
1318 2801 1389 2845 nam

327 2914 392 2980 quo
409 2888 504 2953 modo
517 2888 563 2953 rir
578 2888 751 2952 consularis
772 2889 837 2952 imo
857 2888 1018 2952 censorius
1038 2886 1148 2952 aedilis
1170 2888 1237 2953 lieri
1258 2893 1387 2979 posset?

326 3004 398 3070 Hoc
418 3000 513 3066 unico
532 3013 718 3091 argumento
732 3012 800 3065 tota
817 3001 901 3065 fama
917 2999 1017 3078 cadit,
1033 3001 1080 3064 sin
1097 3023 1171 3065 rero
1187 3001 1226 3067 de
1241 3002 1278 3086 Q.
1290 3004 1388 3071 Fabio

325 3115 464 3182 Maximo
493 3137 595 3180 sermo
623 3127 721 3193 esset,
751 3114 895 3179 Rulliani
916 3114 1001 3178 filius
1022 3113 1250 3204 intelligendus
1271 3117 1387 3184 fuisset.

326 3229 368 3294 Et
391 3241 425 3292 ut
443 3250 515 3292 rere
535 3226 655 3306 dicam,
679 3251 739 3292 non
762 3226 835 3292 satis
861 3225 917 3290 illa
945 3237 1089 3316 tempora
1110 3227 1313 3294 innotuerant
1336 3231 1384 3296 rel

323 3342 398 3433 ipsis
417 3340 588 3419 Romanis,
613 3352 647 3406 ut
665 3363 703 3405 er
723 3339 888 3405 levissimis
907 3338 1032 3404 indiciis
1051 3351 1139 3405 tanta
1161 3340 1364 3410 deducamus.

369 3453 502 3519 Etiamsi
528 3476 711 3543 persuasum
741 3452 821 3518 mihi
839 3463 886 3517 est
907 3451 1092 3518 Rullianum
1115 3476 1178 3519 non
1200 3456 1296 3522 fuisse
1317 3457 1385 3523 dic·

324 3580 457 3633 tatorem
477 3567 539 3633 hoc
560 3591 663 3646 anno,
686 3567 762 3632 nolo
783 3566 913 3632 missum
934 3565 1038 3632 lacere
1060 3589 1142 3658 quae
1165 3569 1316 3636 accidisse
1336 3572 1382 3637 fe·

322 3695 452 3761 rantur,
485 3694 554 3747 tum
582 3694 713 3773 propter
741 3681 869 3759 Festos,
903 3693 969 3746 turn
996 3695 1181 3772 propterea,
1211 3684 1298 3773 quod
1323 3683 1381 3748 hoc

321 3797 393 3862 loco
407 3795 724 3863 lubetdemonstrare
739 3818 804 3886 quo
815 3795 909 3861 modo
926 3806 1017 3860 aucta
1033 3793 1073 3860 sit
1085 3794 1213 3860 historia
1225 3796 1380 3873 Romana,

320 3910 377 3974 nbi
400 3909 452 3975 rel
476 3910 582 3975 omnia
605 3920 696 3975 erant
719 3908 906 3999 supplenda.

367 4023 427 4088 llic
457 4045 587 4114 quoque
614 4022 790 4113 simplicior
819 4021 901 4087 lama
930 4021 1021 4087 unice
1048 4044 1118 4087 sera
1146 4045 1212 4089 esse
1240 4023 1377 4099 ridetur,

319 4160 433 4229 nempe
454 4139 521 4204 sine
542 4137 609 4202 ullo
629 4136 829 4202 memorabili
849 4135 971 4226 proelio
990 4147 1134 4225 pacatam
1155 4160 1221 4203 esse
1239 4160 1256 4202 a
1277 4136 1377 4201 dicta-

316 4263 385 4316 tore
404 4251 561 4318 Etruriam
580 4250 789 4317 seditionibus
805 4251 1024 4318 Arretinorum
1037 4252 1220 4342 compositis
1231 4263 1263 4318 et
1273 4249 1377 4317 Cilnio

343 4503 363 4573 ε)
382 4505 417 4557 x.
436 4510 460 4559 s.
