3194 5302
292 451 332 512 34
426 468 455 511 r.
467 467 569 514 rsnrus
584 470 613 514 n.
623 469 651 512 r.
664 465 825 511 rrnunrnus
835 449 891 533 (3).
932 450 992 532 §L
1014 468 1163 520 nurnsron
1175 451 1245 514 269.

300 645 366 724 illi,
392 658 460 711 turn
492 646 549 711 riri
578 642 755 709 doctissimi
776 657 809 721 ¹,
837 665 975 733 quorum
1000 645 1166 735 opiniones
1191 646 1231 711 iis
1263 645 1374 711 nitun-

302 771 355 824 tur
384 758 492 837 factis,
525 779 608 848 quae
637 779 703 822 non
731 756 888 823 diiudioes
906 757 1010 823 sintne
1029 758 1069 823 sb
1085 757 1245 824 historicis
1263 781 1301 824 er
1321 781 1379 823 an-

302 872 460 964 tiquitatis
483 872 613 938 seientia
637 871 786 962 suppleta
808 894 849 935 an
867 894 976 937 resera
993 871 1038 936 ita
1056 870 1241 937 acciderint.
1275 870 1380 956 Quae·
1469 883 1471 886 ‘

306 999 415 1052 stores·
434 985 545 1051 aerarii
567 984 653 1051 enim
673 984 787 1076 proeul
806 984 906 1049 dnbio
930 1008 947 1050 a
966 984 1077 1075 primis
1099 985 1286 1053 consulibus
1306 984 1383 1049 inde

306 1101 476 1191 pecuniam
496 1099 661 1191 publicam
680 1097 966 1177 administrabant,
990 1121 1099 1164 rerum
1121 1110 1304 1189 quaestores
1324 1097 1382 1187 qui

308 1226 480 1281 occurrunt
508 1212 738 1304 perduellionis
759 1223 790 1278 et
811 1211 973 1302 parricidii
993 1210 1089 1276 titulo
1108 1211 1143 1276 in
1164 1233 1258 1277 eausa
1278 1210 1382 1277 llore-

303 1323 409 1407 'tiana,
439 1326 603 1405 Cassiano,
632 1325 808 1403 Manliana,
839 1324 969 1402 ceteris,
1000 1346 1065 1388 non
1095 1323 1191 1388 facile
1211 1347 1228 1389 a
1249 1324 1386 1413 poeticis

308 1440 533 1506 historicorum
556 1439 749 1504 ornamentis
767 1438 924 1528 seiungas.
972 1437 1095 1503 Becker
1117 1437 1225 1528 posuit
1248 1438 1385 1504 Fabium

312 1554 542 1643 Valeriumqnc
577 1552 674 1617 fnisse
705 1564 888 1642 quaestores
917 1550 1049 1628 aerarii,
1078 1550 1198 1641 quihus
1228 1550 1385 1617 indicium

311 1664 542 1758 perduellionis
566 1666 770 1730 commissum
794 1677 882 1730 entra
900 1662 1062 1742 ordinem,
1091 1677 1125 1729 ut
1143 1685 1387 1754 nonnumquam

311 1779 433 1846 tribuni
454 1779 558 1871 plebis
582 1777 622 1843 de
642 1777 704 1843 hoc
726 1778 861 1843 crimine
882 1777 1038 1860 iudicasse
1060 1776 1239 1845 traduntur.
1285 1776 1387 1843 hlulta

312 1893 352 1958 ad
372 1892 455 1958 hane
476 1892 661 1982 opinionem
684 1890 836 1957 tuendam
856 1891 964 1955 attulit
983 1889 1114 1981 quidem
1134 1891 1207 1972 ille,
1231 1889 1285 1955 sed
1305 1912 1386 1956 non-

315 2006 392 2071 dum
414 2006 536 2082 in,eius
558 2004 748 2070 sententiam
768 2003 904 2094 pedibus
924 2005 972 2070 ire
992 2025 1133 2094 possum.

361 2116 636 2183 Extraordinarios
656 2116 752 2182 fuisse
771 2118 973 2205 magistratus
994 2130 1061 2182 turn
1083 2129 1266 2207 quaestores
1286 2118 1390 2207 parri·

314 2231 391 2296 cidii
418 2242 487 2295 tum
517 2230 749 2320 perduellionis
771 2230 865 2294 nohis
883 2252 1007 2296 sumere
1027 2230 1120 2307 licet,
1144 2252 1224 2320 quos
1243 2229 1389 2295 eredide-

290 2407 292 2410 Α
316 2343 374 2409 rim
395 2342 513 2408 adhoc
534 2344 638 2434 ipsum
660 2353 782 2408 creatos
803 2365 885 2416 esse,
910 2353 945 2407 ut
964 2343 1102 2432 exempli
1125 2364 1216 2407 cansa
1238 2342 1330 2409 llriri
1349 2342 1388 2408 ad

316 2456 408 2521 aedes
429 2455 637 2534 dedicandas,
661 2454 770 2520 lllriri
789 2454 935 2520 coloniae
956 2453 1178 2533 deducendae,
1200 2456 1335 2546 aliique3
1356 2454 1390 2520 hi

317 2570 358 2638 de
372 2570 493 2635 delicto
514 2568 763 2659 cognoscebant,
784 2591 849 2633 non
865 2591 939 2633 reso
960 2569 1232 2659 pronunciabant,
1257 2593 1330 2634 nant
1351 2569 1394 2634 de

319 2684 381 2748 vita
402 2681 529 2773 patricii
550 2683 648 2747 curiis
664 2694 731 2748 erat
752 2681 981 2762 iudicandum,
1012 2680 1052 2747 de
1073 2683 1202 2772 plebeio
1222 2706 1295 2749 roro
1314 2705 1392 2748 cen·

321 2795 427 2873 turiis,
452 2794 511 2859 sub
530 2793 659 2884 regibus
678 2792 817 2884 denique
839 2808 1021 2885 quaestores
1041 2819 1114 2862 usos
1134 2818 1201 2861 esse
1221 2796 1289 2861 iure
1310 2796 1395 2861 vitae

322 2929 358 2972 ac
373 2907 459 2971 neeis
480 2906 653 2971 absurdum
673 2920 764 2973 esset.
799 2907 915 2975 Utrum
927 2910 975 2976 illi
987 2909 1078 2975 llriri
1089 2921 1271 3000 quaestores
1283 2908 1395 3001 appel-

320 3019 378 3086 lati
398 3019 535 3098 fuerint,
558 3042 598 3085 an
619 3019 704 3086 sorte
724 3020 787 3086 hoc
808 3044 925 3087 nomen
945 3046 980 3087 er
1002 3022 1129 3089 iudiciis
1152 3024 1246 3113 longe
1268 3021 1396 3088 seriori-

317 3133 377 3197 bus
395 3132 430 3197 in
454 3131 513 3196 hos
534 3132 723 3199 translatum
746 3134 785 3199 sit
805 3134 845 3198 ab
867 3133 1044 3215 historicis,
1064 3135 1171 3202 dicare
1190 3158 1254 3201 non
1276 3134 1397 3211 habeo,

321 3245 376 3312 sed
397 3244 479 3310 hanc
503 3246 716 3336 suspicionem
742 3270 806 3342 non
827 3246 972 3329 mittam,
996 3272 1069 3315 narn
1094 3248 1258 3339 quomodo
1279 3268 1399 3314 munus
1430 3261 1435 3271 '

323 3359 486 3425 iudicandi
505 3359 673 3425 cohaereat
692 3382 765 3425 cunr
790 3361 926 3439 aerario,
945 3384 1039 3427 nemo
1055 3363 1241 3453 explicabit3
1265 3385 1343 3453 quas
1355 3360 1400 3424 ob

322 3495 431 3538 causas
446 3474 566 3540 aerario
581 3473 754 3563 praefuisse
764 3473 899 3540 Fabium
913 3473 1144 3566 Valeriumque
1156 3475 1302 3542 nondum
1317 3472 1399 3540 mihi

323 3608 453 3675 possum
474 3585 675 3675 persuadere.
712 3584 803 3670 Quod
828 3585 963 3652 Cicero²
987 3588 1027 3654 de
1048 3610 1115 3655 uno
1137 3600 1262 3654 tantum
1283 3610 1399 3679 quaese·

325 3711 395 3764 tore
422 3698 454 3762 in
474 3697 534 3762 hae
555 3718 648 3762 eausa
666 3698 844 3789 scripserit,
868 3722 932 3764 non
958 3701 1135 3791 urgendum
1159 3702 1301 3781 ridetur,
1324 3721 1400 3765 nam

326 3809 427 3875 altera
445 3809 545 3888 fama,
575 3832 672 3900 quarn
694 3808 802 3875 Lirius
822 3822 854 3875 et
874 3810 1044 3899 llinnysius
1064 3825 1259 3902 sequnntur,
1286 3813 1403 3881 melius

328 3923 479 3989 convenit
498 3944 571 3988 eum
592 3923 661 3989 aliis
682 3921 902 3989 huiuscemodi
924 3925 1088 4017 exemplis.

361 4254 380 4318 1)
399 4257 512 4317 Becker,
536 4253 606 4307 Rom.
625 4254 728 4307 Alterth.
747 4258 784 4306 Il.
802 4272 830 4307 rr,
849 4261 986 4308 ant—33:
993 4281 999 4318 3
1022 4260 1064 4311 W.
1083 4260 1148 4310 Rein
1167 4262 1193 4310 in
1211 4259 1302 4312 Jahn’s
1318 4259 1411 4312 Jartt.

325 4340 412 4391 LXV.
436 4356 460 4403 p.
486 4344 548 4401 157,
563 4342 606 4390 ubi
629 4357 761 4392 censuram
785 4343 837 4405 egit
860 4343 891 4391 de
915 4343 1007 4394 libellis
1029 4360 1091 4410 quos
1112 4346 1146 4395 A.
1171 4345 1254 4411 Pauly
1278 4355 1301 4396 et
1322 4344 1353 4396 G.
1371 4346 1411 4395 H.

330 4427 446 4489 Wagner
476 4428 507 4477 de
538 4428 710 4492 quaestoribus
740 4428 946 4490 conscripserunt.
1100 4426 1120 4495 ²)
1152 4427 1194 4478 De
1225 4446 1277 4497 rep.
1307 4431 1345 4480 11.
1379 4435 1417 4481 35

329 4512 343 4573 §
371 4513 412 4560 60.
