3194 5302
353 453 393 516 60
455 465 719 523 criniosum.
733 468 760 512 s.
773 460 935 511 rrnuuanus
945 448 1001 531 (5).
1021 450 1081 534 §d
1093 465 1195 512 emer.
1209 466 1292 512 uunrs
1303 450 1372 514 292.

357 651 491 717 err—60
514 658 623 726 erant,
642 645 763 711 Romae
781 644 928 709 relictum
948 643 1007 709 sub
1027 643 1146 729 Quinto
1165 645 1223 711 illo
1243 645 1422 726 consulari3

355 760 435 827 hoec
454 758 648 850 respondent
667 756 817 822 Livianae
839 757 1026 836 narrationi,
1045 758 1243 848 praelectum
1261 758 1356 824 Urbis
1373 781 1423 824 ar·

352 886 439 939 mata
460 872 625 938 iuventute
643 868 869 961 dispositisque
886 869 1051 960 praesidiis
1071 882 1139 936 tuta
1158 872 1265 936 omnia
1280 892 1317 936 ac
1334 883 1423 937 trau·

355 985 457 1077 quilla
478 983 605 1064 fecisse,
628 1005 729 1074 quum
747 980 854 1048 hostes
873 982 912 1047 ad
924 982 1046 1049 Urbem
1062 983 1318 1074 appropinquare
1333 983 1422 1049 ride·

354 1098 488 1176 bantur;
511 1095 574 1162 hoc
593 1095 678 1161 enirn
697 1094 770 1160 loco
792 1092 900 1160 Lirius
921 1095 1119 1161 iurentutem
1141 1094 1218 1160 dixit
1239 1094 1390 1162 iuniores.

397 1207 594 1275 Niebuhriue
617 1219 625 1257 ¹
650 1229 716 1272 reru
739 1207 831 1272 aliter
855 1206 1002 1298 expedire
1024 1207 1143 1286 roluit,
1171 1206 1315 1273 observat
1341 1229 1422 1298 qua·

352 1335 425 1388 tuor
446 1343 513 1388 esse
535 1320 637 1387 solere
658 1319 813 1385 exercitus
833 1320 1018 1409 praesertim
1039 1331 1111 1410 post
1137 1319 1259 1386 Urbem
1281 1343 1299 1385 a
1322 1319 1420 1386 Gallis

350 1447 491 1527 captam,
514 1455 652 1524 quorum
672 1432 751 1497 duos
773 1431 918 1506 educunt,
936 1432 1102 1511 consules,
1125 1433 1237 1499 tertius
1257 1446 1367 1498 manet
1385 1432 1419 1498 in

351 1547 441 1615 Urbe
460 1547 519 1612 sub
539 1545 622 1612 duce
643 1544 799 1636 quodam,
821 1558 951 1635 quartus
974 1557 1021 1611 est
1039 1546 1161 1611 urbana
1180 1545 1308 1624 militia,
1330 1545 1420 1612 ouius

351 1660 490 1725 instituti
519 1658 638 1750 species
666 1656 720 1723 bic
750 1669 782 1723 et
812 1658 880 1724 illic
910 1658 1024 1724 elucet.
1073 1658 1183 1725 Credit
1212 1658 1328 1724 deinde
1360 1682 1419 1749 pro

350 1773 474 1846 Κόϊντος
505 1773 627 1855 Φούριος
657 1793 721 1836 non
750 1770 923 1861 legendum
954 1794 1020 1838 esse
1057 1771 1092 1855 Q.
1123 1772 1276 1851 Fabium,
1311 1793 1420 1838 rerum

352 1884 429 1953 Sea.
449 1883 592 1950 Furium.
642 1882 683 1948 At
703 1882 766 1948 boo
785 1883 974 1973 nonpotuit
995 1881 1055 1948 sibi
1076 1880 1230 1962 noluisse,
1250 1905 1322 1948 nam
1344 1882 1419 1948 nul-

352 2000 401 2064 lus
421 1996 494 2064 Ser.
513 1996 627 2063 Furius
648 1995 709 2061 bae
725 1995 758 2060 iu
777 2007 868 2086 parte
888 1994 1038 2062 historiae
1059 1996 1214 2076 occurrit,
1229 2008 1340 2062 contra
1361 1995 1419 2087 Sp.

352 2111 483 2191 Furius,
514 2110 570 2201 qui
592 2109 703 2175 consul
723 2109 784 2174 luit
806 2112 881 2175 290.
930 2110 1012 2186 tur,
1035 2110 1138 2201 pergit
1154 2109 1229 2188 ille,
1249 2108 1419 2198 Dionysius

349 2226 465 2293 errarit
486 2247 559 2291 eum
582 2222 781 2289 consularem
801 2219 927 2300 dicens,
954 2244 1029 2287 nam
1053 2221 1169 2287 Furius
1193 2221 1250 2288 ille
1268 2221 1332 2289 dux
1352 2234 1419 2288 erat

348 2337 504 2404 exercitus
533 2335 730 2414 subsidiarii,
763 2357 826 2400 uon
853 2334 958 2425 potuit
980 2333 1097 2401 Fabius
1122 2333 1216 2401 Urbis
1239 2357 1305 2401 esse
1324 2357 1417 2426 prae·

350 2451 464 2516 lectus.
513 2448 631 2515 Verum
653 2449 770 2513 fluctus
790 2447 922 2537 agitasse
944 2445 1070 2512 ridetur
1089 2447 1122 2510 in
1142 2445 1297 2537 simpulo,
1318 2461 1354 2514 ut
1371 2460 1419 2515 est

348 2564 381 2629 in
402 2562 528 2653 adagim
553 2562 658 2653 primo
679 2561 750 2627 loco
770 2560 916 2651 loquitur
936 2559 1107 2647 Dionysius
1127 2557 1167 2625 de
1197 2560 1296 2650 copiis
1320 2572 1416 2644 τριχῇ

347 2676 487 2768 partitis,
507 2697 613 2765 neque
634 2696 712 2765 opus
738 2684 804 2752 est,
826 2683 862 2737 ut
883 2671 923 2737 de
948 2683 1062 2763 quarto
1082 2671 1271 2738 subsidiario
1293 2674 1418 2763 cogite-

349 2811 435 2866 mus,
460 2809 542 2878 quae
562 2785 642 2851 ratio
660 2778 770 2876 postea
791 2784 921 2850 demum
937 2785 1087 2864 invaluit3
1107 2786 1198 2852 tertia
1216 2809 1287 2877 pars
1307 2789 1419 2878 copia·

348 2924 420 2965 rum
450 2923 535 2964 anno
564 2902 629 2967 274
651 2910 684 2963 et
705 2902 770 2963 295
790 2909 823 2962 ct
843 2900 938 2962 2962
966 2897 999 2963 in
1023 2897 1110 2965 Urbe
1132 2898 1279 2965 mansisse
1300 2898 1418 2969 diserte
1514 2973 1518 2984 ‚

350 3011 501 3090 traditur,
533 3010 585 3076 cui
610 3032 697 3076 nunc
724 3008 860 3094 Quintus
879 3010 1032 3101 praefuit,
1057 3023 1092 3076 ut
1113 3023 1247 3102 uterque
1269 3012 1418 3096 tradidit;

349 3125 425 3216 quid
450 3125 511 3190 iarn
541 3123 718 3214 simplicius
748 3146 844 3215 quarn
867 3123 945 3190 duas
967 3124 1124 3190 litterulas
1149 3139 1287 3206 mutare,
1312 3140 1347 3193 ut
1366 3129 1419 3219 ip-

349 3238 487 3304 sissimus
517 3248 624 3303 noster
651 3235 768 3303 Fabius
796 3235 926 3317 eradat,
949 3237 1122 3304 consularis
1144 3238 1199 3329 qui
1220 3238 1309 3306 audit
1328 3242 1418 3332 apud

349 3364 532 3441 utrumque.

392 3464 463 3529 Hoc
482 3486 614 3554 quoque
634 3486 717 3529 anno
741 3463 921 3530 tribuniciis
947 3464 1125 3531 actionibus
1145 3466 1325 3556 respublica
1345 3469 1417 3558 ogi-

346 3589 413 3643 tata
440 3588 487 3642 est
509 3600 526 3640 a
547 3574 582 3643 C.
606 3576 780 3643 Terentilio
800 3579 894 3658 Arsa,
921 3578 977 3667 qui
998 3578 1100 3668 legem
1121 3580 1347 3671 promulgarit:
1377 3595 1417 3647 ut

350 3689 434 3755 Vriri
453 3701 603 3755 creentur
621 3689 745 3780 legibus
760 3688 800 3756 de
815 3690 949 3782 imperio
967 3691 1124 3757 consulari
1141 3692 1324 3759 scribendis.
1348 3694 1415 3761 Res

344 3804 413 3894 ipsa
440 3814 578 3869 extracta
599 3814 662 3882 est,
693 3801 731 3887 Q
749 3803 834 3869 enim
853 3803 969 3869 Fabius
994 3804 1176 3871 adversatus
1196 3818 1243 3871 est
1264 3807 1416 3889 tribuno,

344 3918 440 4007 eique
470 3917 566 3982 suasit
594 3938 661 3981 rem
691 3915 818 3983 differre
841 3917 874 3983 iu
901 3917 1074 3983 adrentum
1098 3920 1275 3985 consulum.
1323 3919 1416 3986 Haec

345 4028 428 4094 Livii
456 4028 612 4107 narratio,
640 4029 743 4095 rerior
771 4041 818 4095 est
846 4029 990 4118 Dionysii
1019 4030 1184 4097 scribentis
1211 4032 1316 4123 legem
1344 4056 1415 4099 non

345 4140 486 4231 potuisse
506 4140 639 4231 perferri
658 4141 842 4208 absentibus
860 4143 1026 4209 militibus.
1065 4142 1153 4228 Quae
1168 4145 1260 4212 lexin
1272 4167 1416 4237 sequeu-

343 4265 410 4319 tem
431 4275 550 4321 annum
569 4254 668 4321 relata
688 4279 747 4322 nos
765 4278 830 4321 non
850 4268 1002 4322 moratur.

372 4494 391 4565 1)
409 4494 443 4548 R.
465 4495 495 4553 G.
514 4499 551 4551 11.
573 4504 620 4551 res
640 4515 665 4553 n.
687 4503 746 4550 roo.
798 4494 819 4567 ²>
837 4498 905 4552 Dion
922 4499 983 4552 Hal.
1001 4500 1051 4553 lx.
1071 4505 1101 4566 ο,
1119 4500 1153 4553 Χ.
1173 4507 1215 4565 ro,
1234 4506 1275 4552 rr.
