3212 5294
714 907 912 1001 LIBER
951 907 1037 1001 Vll.

679 1088 823 1151 rnun
863 1090 1063 1152 llllllllll.

754 1314 968 1345 W

749 1485 929 1561 CAPUT
963 1486 992 1559 Ι.

385 1665 525 1728 orsurus
543 1666 660 1716 rimus
680 1668 714 1716 u.
735 1668 763 1715 r.
788 1668 818 1716 u.
839 1668 869 1715 u.
890 1666 1040 1715 nunnus
1060 1664 1247 1714 uuumsuus
1271 1649 1354 1740 (llll

700 1831 717 1915 §
746 1832 774 1897 l.
826 1827 1037 1920 Cognomina.

381 1971 447 2040 Cur
465 1972 556 2038 hicce
577 1971 712 2057 Quintus
732 1972 931 2038 nobilissimo
948 1971 1142 2062 cognomine
1163 1971 1293 2037 Maximi
1312 1994 1408 2038 orna·

333 2097 383 2151 lus
402 2087 517 2167 luerit,
541 2097 628 2151 certo
648 2097 786 2164 constan
810 2109 884 2150 nam
905 2085 1029 2151 fallitur
1053 2083 1206 2172 Polybius
1228 2092 1237 2130 ¹
1263 2085 1406 2153 scribens

333 2222 449 2267 nomen
470 2198 550 2264 illud
569 2211 700 2291 propter
715 2198 1001 2285 Cunctatoris(33)
1020 2196 1148 2264 leudem
1169 2196 1245 2263 huio
1262 2197 1408 2266 familiae

296 2375 299 2382 .
332 2312 529 2392 adhaesisse,
567 2334 732 2379 censuram
769 2312 833 2404 egit
866 2313 983 2378 Fabius
1018 2323 1125 2377 noster
1155 2311 1408 2391 nobilissimam,

331 2438 461 2518 propter
481 2449 560 2517 quas
580 2427 716 2492 urbanas
733 2426 843 2492 laudes
870 2426 1047 2492 Maximus
1075 2425 1317 2514 cognominatus
1340 2437 1409 2504 est,
1523 2438 1528 2449 ’

331 2540 379 2605 sir
398 2540 541 2630 alioquin
564 2540 689 2605 bellicis
717 2540 866 2632 operibus
887 2539 1065 2618 excellens,
1095 2537 1265 2629 quinquies
1289 2559 1410 2603 cousu-

331 2652 399 2717 lutu
419 2653 560 2717 functus.
600 2652 692 2717 Hauo
713 2652 876 2718 Liuianum
896 2665 908 2702 ²
931 2652 1048 2717 lamam
1068 2651 1231 2743 praefero,
1255 2673 1410 2742 spernens

331 2786 427 2855 quam
460 2763 606 2828 Aurelius
636 2764 780 2830 ἱῖίοῑοτ3
811 2763 906 2829 huius
931 2765 976 2830 rei
1004 2786 1129 2830 oausam
1150 2764 1256 2842 affert,
1285 2785 1411 2854 coguo-

329 2899 404 2941 meu
425 2875 467 2941 ob
490 2879 637 2942 uirtutem
660 2877 795 2943 Fabium
816 2875 980 2957 habuisse,
1004 2877 1044 2943 de
1063 2900 1126 2967 qua
1148 2888 1255 2943 tamen
1277 2877 1324 2942 nil
1345 2878 1409 2946 de-

332 2990 497 3068 traxerim3
517 2988 557 3055 de
577 3012 710 3055 censura
730 2990 811 3056 iulra
833 3004 845 3042 ⁴
871 2991 1060 3056 ridebimus.

376 3101 539 3180 Alterum,
558 3100 645 3190 quod
667 3124 823 3192 agnomen
845 3103 952 3193 polius
974 3102 1104 3183 dixeris,
1124 3102 1310 3194 scrupulum
1331 3126 1410 3170 mo-

329 3227 400 3294 ret,
424 3213 621 3280 Bellienum
646 3215 735 3295 solo,
760 3217 851 3281 ouius
872 3216 1083 3307 praeelectio
1105 3217 1322 3298 Rutilia-nus,
1347 3231 1409 3283 aut

330 3327 484 3394 Rutilius
503 3339 557 3393 aut
574 3326 716 3408 Rullus,
740 3341 777 3393 ut
799 3329 847 3394 his
868 3330 951 3419 opud
974 3330 1130 3395 Livium⁵
1151 3331 1204 3396 sed
1222 3341 1412 3398 constanter

327 3441 414 3531 apud
437 3440 573 3506 Graecos
594 3452 625 3505 et
647 3441 732 3531 apud
753 3442 943 3509 Frontinum
966 3443 1074 3523 eudit,
1098 3456 1201 3535 potest
1222 3444 1329 3524 obiiui;
1357 3444 1409 3509 ri·

326 3553 433 3620 dioula
462 3566 509 3620 est
537 3565 643 3621 eutem
672 3554 780 3645 opinio
811 3553 982 3622 Alexandri
1012 3555 1053 3621 ob
1075 3555 1289 3621 Alexandros
1312 3559 1407 3648 cogi-

324 3666 419 3733 taulls
444 3665 581 3730 Rullum
602 3663 688 3730 huno
713 3688 779 3731 esse
799 3666 920 3733 diorum
941 3667 1091 3746 Fabium,
1121 3669 1177 3758 qui
1197 3669 1319 3735 iuvenis
1339 3694 1406 3761 ap-

324 3778 462 3869 pellatus
477 3778 574 3843 luerit
584 3779 722 3868 pnllns;
740 3778 825 3844 uasti
842 3779 927 3845 enim
939 3780 1054 3846 dooeut
1066 3780 1201 3846 sormam
1213 3779 1405 3849 Rullianus

326 3892 420 3957 uuioo
449 3913 553 3956 reram
583 3913 660 3957 esse.
709 3892 912 3982 Elymologia
941 3893 1036 3960 dooet
1060 3893 1248 3960 Rulliauum
1269 3893 1406 3987 adopti-

326 4028 401 4071 vum
427 4002 523 4066 fuisse
545 4000 648 4067 filium
668 4024 705 4067 ex
719 4016 813 4091 geute
836 4017 889 4070 aut
908 4003 1031 4070 familia
1050 4005 1164 4084 Rullo,
1189 4029 1262 4072 uam
1295 4007 1406 4099 adop-

326 4118 390 4184 tiva
418 4115 607 4206 cognomina
627 4116 660 4180 in
681 4119 781 4181 ianus
801 4117 967 4196 desinunt,
998 4141 1063 4183 non
1084 4131 1120 4183 ut
1141 4118 1272 4185 Ellendt
1290 4132 1304 4169 ⁷
1325 4123 1403 4188 vult

355 4314 576 4379 unusrss.
664 4309 1138 4375 ²)lx.4o;va1.Max.11.2.s.
1225 4313 1412 4383 ΜΝΞ.

317 4400 338 4469 ⁴)
355 4401 394 4453 cf.
413 4400 426 4465 d
446 4405 476 4449 12
491 4400 565 4450 huius
580 4397 681 4463 Cupitis.
736 4393 756 4459 ὅ)
775 4399 878 4453 XXIV.
890 4406 920 4463 9,
935 4401 1024 4453 XXX.
1036 4407 1077 4454 26.
1130 4401 1150 4470 ὅ)
1172 4401 1230 4456 Gen.
1241 4401 1313 4455 Dior.
1323 4406 1346 4456 l.
1361 4410 1409 4460 7³.

318 4483 339 4554 ⁷)
357 4483 400 4536 De
417 4499 482 4551 coqu.
501 4491 524 4534 et
541 4498 595 4548 ono.
614 4479 684 4534 Rmn.
705 4498 730 4548 p.
752 4486 791 4534 72.
