3154 5294
357 486 397 549 96
500 502 527 553 o.
539 496 639 544 rarius
650 500 681 544 u.
693 501 720 544 r.
732 501 760 551 o.
772 495 799 543 u.
812 494 962 541 sunusrus
973 478 1027 561 (9).
1058 477 1285 561 §raonsaos

360 679 419 752 rire
453 686 565 759 zelosos
596 677 638 742 rol
664 676 782 755 βιβλία
813 676 920 740 αὐτοῦ.
970 671 1114 764 Explosit
1143 671 1200 736 ille
1231 667 1426 738 nonsolum

361 790 490 859 Camilli
509 790 693 868 victoriam,
716 811 826 854 rerum
851 766 903 853 ier
923 787 998 852 olias
1018 787 1109 851 annis
1130 789 1211 865 393,
1237 787 1317 862 394,
1342 787 1426 864 404,

362 909 445 983 los,
478 907 559 983 407,
593 907 657 969 459
693 902 773 967 falso
810 901 943 978 relatas,
981 911 1043 967 stat
1084 911 1139 964 aut
1173 896 1259 965 cadit
1298 895 1428 963 Camilli

362 1018 495 1085 victoria
526 1039 598 1082 cum
633 1006 718 1082 fania
747 1014 884 1105 argenti,
917 1026 953 1079 ut
983 1011 1180 1079 Niebuhrius
1209 1025 1220 1061 ¹
1253 1024 1338 1077 recte
1367 1010 1428 1077 ob·

363 1153 501 1197 servasse
525 1130 661 1195 ridetur.
731 1172 733 1183 »

410 1242 497 1307 llaec
526 1239 567 1305 de
594 1239 686 1305 clade
706 1238 827 1306 Gallica
860 1251 957 1330 atque
975 1250 1066 1328 capta
1087 1235 1175 1304 Urbe
1198 1236 1336 1326 attigisse
1361 1237 1430 1302 suf·

364 1356 466 1434 liciat,
497 1376 578 1443 quae
601 1353 881 1419 etiamsi'tribunis
901 1352 1014 1442 ²llabiis
1041 1349 1231 1429 acciderint,
1260 1361 1367 1416 tamen
1389 1373 1429 1416 ne

365 1467 496 1535 verbum
515 1465 644 1556 quidem
665 1464 705 1531 de
726 1488 837 1532 eorum
853 1466 948 1533 rebus
960 1465 1055 1557 gestis
1066 1465 1197 1554 legitur,
1222 1463 1309 1530 unde
1329 1465 1431 1555 gravis

366 1579 445 1647 mihi
465 1580 566 1646 oritur
588 1579 741 1670 suspicio,
772 1603 812 1645 an
840 1580 923 1646 forte
944 1602 1055 1646 eorum
1085 1578 1265 1644 tribunatus
1286 1577 1378 1644 aliter
1398 1600 1431 1644 se

365 1692 497 1771 habeat,
522 1691 610 1759 verbi
629 1714 737 1770 causa,
761 1704 796 1757 ut
815 1715 848 1758 re
862 1715 933 1760 sera
954 1715 1037 1760 unus
1055 1704 1181 1759 tantum
1200 1692 1359 1783 legatione
1377 1704 1433 1757 aut

368 1807 533 1873 tribunatu
559 1805 688 1870 iunctus
712 1804 826 1884 luerit,
850 1806 940 1871 cuius
964 1806 1010 1872 rei
1038 1806 1122 1872 lama
1142 1793 1213 1871 erui
1231 1816 1354 1896 potest3
1378 1827 1433 1870 re—

366 1944 437 1987 rum
467 1919 648 1985 obscuriora
678 1919 737 1983 ista
765 1918 805 1984 ad
835 1918 993 2010 liquidum
1022 1918 1156 2010 perduci
1189 1941 1253 1985 non
1280 1929 1434 2009 poterunt

367 2044 500 2125 propter
519 2032 610 2097 illum
628 2031 734 2122 ipsum
755 2032 975 2098 calamitosum
995 2055 1126 2099 annum.

724 2216 742 2298 §
767 2219 797 2278 7.
843 2214 943 2281 Mors
967 2218 1032 2282 365
1057 2227 1082 2281 ².

416 2371 521 2455 Quum
550 2370 695 2462 sequenti
723 2393 806 2435 anno
825 2370 935 2436 civitas
955 2371 987 2435 in
1010 2392 1105 2461 opere
1125 2392 1162 2435 ac
1179 2369 1288 2434 labore
1310 2367 1438 2434 assiduo

371 2483 561 2552 reficiendae
589 2483 684 2549 Urbis
709 2495 886 2563 teneretur,
913 2469 1041 2549 interim
1066 2482 1102 2566 Q.
1122 2483 1223 2548 Fabio
1243 2480 1279 2550 G.
1301 2481 1439 2547 Marcius

370 2600 516 2665 tribunus
534 2596 637 2687 plebis
653 2595 738 2661 diern
759 2595 855 2676 dixit,
880 2596 967 2686 quod
989 2622 1010 2662 »
1022 2596 1170 2687 [legatus]
1194 2597 1227 2660 in
1248 2595 1370 2672 Gallos,
1396 2593 1439 2658 ad

371 2735 452 2803 quos
480 2710 591 2775 missus
623 2721 690 2774 erat
713 2722 827 2788 orator,
857 2721 966 2775 contra
996 2710 1044 2775 ius
1066 2709 1209 2799 gentium
1234 2710 1440 2799 pugnasset;''

372 2823 566 2891 vocabulum
596 2821 680 2887 istud
710 2822 750 2887 ad
772 2822 877 2888 minus
903 2823 1053 2889 usitatum
1078 2832 1196 2889 orator
1215 2820 1441 2913 explicandum

372 2934 532 3026 irrepsisse
552 2933 779 3000 demonstravit
799 2931 939 3000 coaetus
960 2945 983 2999 ³.
1016 2933 1101 2999 lluic
1120 2933 1240 2998 iudicio
1257 2954 1342 2998 mors
1359 2933 1441 2999 adeo

374 3059 556 3140 opportuna
577 3068 649 3112 eum
671 3047 840 3124 subtraxit,
865 3057 900 3110 ut
922 3046 1131 3112 voluntariam
1150 3045 1246 3111 multi
1262 3044 1442 3113 crederent.

420 3158 474 3226 Sic
493 3160 617 3234 Livius,
631 3182 690 3225 nec
709 3173 816 3226 tamen
838 3158 951 3237 credo,
968 3182 1042 3225 nam
1060 3181 1156 3248 supra
1177 3158 1305 3225 evicisse
1327 3160 1444 3250 opinor

374 3272 510 3340 Fabium
540 3296 606 3339 non
635 3275 765 3339 missurn
795 3295 861 3338 esse
888 3271 927 3337 ad
956 3271 1065 3337 Gallos
1086 3294 1196 3339 rerum
1215 3271 1254 3337 ad
1277 3270 1444 3351 Clusinos,

372 3409 480 3477 neque
508 3409 581 3452 curn
612 3386 660 3452 ius
678 3386 787 3452 fetiale
809 3385 951 3451 violasse.
1000 3385 1073 3451 lllio
1094 3407 1168 3475 ergo
1189 3386 1319 3451 nornine
1337 3385 1371 3451 in
1392 3387 1442 3452 ius

375 3511 504 3567 vocatus
529 3500 625 3565 luerit
649 3499 766 3565 Fabius
790 3499 966 3575 contendo,
990 3498 1014 3563 si
1035 3497 1086 3563 vel
1110 3499 1199 3564 nobis
1220 3522 1344 3566 sumere
1365 3523 1442 3591 pos·

375 3595 484 3680 suruiis
513 3636 548 3679 re
577 3635 649 3678 vera
677 3612 822 3677 tribunos
851 3634 925 3676 eum
955 3632 1132 3691 accusasse,
1157 3612 1244 3703 quod
1265 3613 1291 3678 si
1311 3611 1443 3692 accidit,

376 3726 584 3793 tribuendum
614 3737 661 3791 est
695 3725 775 3791 irato
808 3724 930 3815 populo
966 3726 1108 3815 cupienti
1140 3726 1266 3792 iamiam
1298 3727 1332 3791 in
1370 3747 1442 3791 eum

376 3838 510 3918 saevire,
534 3839 623 3904 cuius
649 3838 744 3927 culpa
764 3837 865 3902 tristia
885 3838 991 3902 omnia
1012 3836 1209 3903 accidissent.
1243 3836 1317 3904 Non
1336 3850 1443 3904 tamen

377 3950 457 4017 mihi
478 3974 606 4041 possum
626 3949 817 4041 persuadere
834 3963 912 4017 tunc
931 3951 971 4017 de
988 3952 1190 4019 accusatione
1208 3952 1360 4043 cogitasse
1376 3953 1443 4019 Ro·

376 4085 502 4142 man0s3
535 4063 670 4128 audiunt
697 4062 745 4129 illi
774 4062 905 4153 quidem
934 4063 1019 4154 apud
1048 4065 1287 4131 iurisconsultos
1312 4066 1380 4131 nati
1408 4066 1443 4129 in

377 4175 447 4242 foro
466 4186 498 4250 et
518 4175 552 4238 in
572 4174 661 4253 iure,
681 4198 746 4241 nou
767 4195 933 4265 oppugno,
957 4173 1013 4240 sed
1034 4175 1162 4266 qualem
1185 4175 1245 4241 tibi
1264 4176 1364 4266 lingas
1382 4198 1443 4266 po·

378 4286 508 4379 pulum,
532 4287 588 4375 qui
609 4287 675 4355 fere
696 4289 820 4355 deletus
837 4286 872 4353 in
891 4287 1013 4355 Urbem
1032 4312 1071 4355 er
1092 4311 1165 4355 arce
1187 4311 1330 4356 reversus
1349 4299 1444 4357 estet

407 4538 427 4605 ¹)
445 4535 481 4589 R.
494 4534 523 4590 G.
542 4540 578 4590 11.
599 4541 657 4589 etr.
728 4534 748 4605 ²)
765 4536 823 4588 Liv.
841 4537 892 4589 vl.
913 4544 934 4589 l.
1005 4533 1024 4603 ὅ)
1044 4534 1131 4588 Meam·
1150 4539 1199 4590 IV.
1219 4542 1278 4597 sss,
