3190 5304
331 427 390 489 430
542 443 626 489 aron.
647 443 750 487 roaros
771 444 799 495 o.
820 443 848 486 r.
870 443 898 493 o.
919 442 948 486 rr.
968 442 1099 486 ausuros
1120 424 1195 508 (56).

384 621 526 688 Goltzius
546 620 634 688 bunc
654 642 783 713 quoque
802 619 841 686 ad
862 640 981 686 aunum
995 623 1060 689 709
1079 620 1234 712 protulit,
1258 620 1399 711 cogitans

335 733 375 800 de
402 734 504 802 Fabio
536 759 573 802 er
602 734 755 826 Hispania
782 733 1016 826 triumphante;
1046 746 1152 824 potest
1177 732 1217 799 ad
1245 733 1405 825 optimum

339 869 500 938 quemque
529 846 687 932 Quintum
716 847 827 932 Quinti
848 847 956 915 filium
977 847 1090 932 Quinti
1109 859 1263 940 nepotem
1282 847 1403 916 referri.

794 1052 951 1063 uuna—n·-

708 1181 893 1255 CAPUT
925 1179 1027 1255 XIX.

456 1347 723 1399 procurramus
747 1333 809 1422 (o.)
833 1350 862 1399 r.
889 1330 947 1422 (o.)
973 1350 1003 1397 rr.
1027 1347 1179 1397 rrrxruos
1202 1329 1285 1421 (56).

691 1501 709 1586 §
737 1499 764 1566 1.
816 1496 942 1564 Consul
963 1500 1038 1564 743.

576 1665 684 1714 usuros
702 1665 802 1715 riorus
820 1666 847 1730 o.
865 1668 890 1716 r.
907 1666 935 1729 Q.
954 1666 982 1714 u.
999 1664 1131 1714 nunnus
1151 1662 1170 1712 ι.

574 1750 601 1814 Q.
618 1750 719 1799 usurus
736 1751 764 1814 o.
782 1752 808 1801 r.
824 1751 946 1801 roomo.

382 1861 555 1933 Videamus
579 1862 620 1929 de
642 1864 741 1929 Paulo
761 1864 917 1946 Maximo,
942 1887 1039 1955 quem
1058 1863 1188 1930 fratrem
1212 1860 1309 1928 credo
1330 1882 1402 1929 cunr

337 1975 505 2043 Perizonio
526 1984 539 2022 2
564 1975 675 2059 Quinti
693 1977 780 2042 illius
805 1980 877 2067 (57)
899 1977 1039 2045 consulis
1059 1999 1142 2043 enno
1160 1975 1319 2066 sequenti.
1348 1977 1405 2044 Vi-

337 2089 433 2157 detur
462 2112 537 2156 arus
563 2090 623 2155 illi·
641 2089 737 2157 fuisse
759 2090 956 2181 Allobrogici
978 2091 1063 2156 lilius
1084 2089 1292 2156 exheredatus
1311 2088 1404 2177 (53),

335 2217 372 2271 ut
395 2203 450 2268 alii
473 2203 537 2269 iam
558 2215 750 2294 posueruut;
775 2204 844 2270 noli
868 2215 975 2269 tamen
995 2203 1025 2268 ei
1047 2203 1182 2268 Paulum
1201 2213 1325 2293 patrem
1344 2201 1404 2267 tri·

336 2317 453 2396 buere,
479 2338 553 2383 nam
576 2315 712 2400 Quintus
734 2317 805 2406 (55)
827 2316 1002 2382 consularis
1021 2320 1086 2383 709
1104 2339 1178 2381 eum
1197 2314 1403 2405 progenuisse

335 2428 471 2498 ridetur.
519 2430 561 2496 lu
588 2431 633 2495 sic
652 2453 760 2497 rerum
780 2453 847 2496 esse
865 2440 985 2521 potest,
1010 2428 1098 2520 quod
1118 2428 1178 2495 riri
1195 2428 1282 2494 docti
1298 2427 1403 2517 suspi-

334 2555 466 2622 cantur,
489 2565 563 2608 eum
583 2544 719 2610 Paulum
740 2567 807 2610 esse
827 2542 951 2609 dictum
972 2543 1006 2607 in
1025 2542 1212 2609 memoriam
1229 2540 1320 2606 Pauli
1339 2541 1406 2605 de-

334 2656 433 2736 milii,
457 2679 522 2747 quo
541 2668 632 2747 patre
652 2658 791 2724 naturali
810 2658 928 2723 abavus
950 2657 1017 2722 eius
1033 2656 1160 2745 gavisus
1176 2665 1254 2721 crat.
1578 2720 1579 2723 ,

379 2767 449 2834 Nec
473 2792 546 2834 rero
565 2770 761 2836 Ellendtio⁸
793 2771 961 2850 assentior,
994 2770 1049 2837 nbi
1076 2768 1242 2835 contendit
1263 2766 1403 2833 Paulum

335 2902 530 2970 praenomen
556 2881 668 2949 baberi
695 2907 759 2949 non
779 2908 887 2976 posse,
910 2908 985 2950 uam
1005 2883 1175 2949 Frontinus
1194 2881 1287 2970 plura
1308 2881 1403 2946 nobis

335 2992 471 3058 servarit
498 3005 628 3060 senatus
657 2997 819 3078 consulta,
844 3021 882 3064 er
904 2997 1020 3088 quibus
1040 2997 1113 3062 luce
1131 2995 1248 3060 clarius
1271 3003 1402 3084 apparet

333 3117 478 3172 nostrum
507 3108 552 3172 sic
581 3130 649 3174 esse
678 3108 815 3190 dictum,
851 3110 938 3201 quod
968 3110 1099 3176 coniicit
1127 3131 1223 3199 porro
1249 3106 1358 3172 tabula
1384 3104 1402 3169 1
1477 3176 1480 3179 Α

335 3218 470 3286 fratrum
502 3220 665 3289 Arvalium
697 3235 726 3303 ⁴,
764 3224 798 3289 in
826 3246 892 3314 quo
919 3233 1129 3289 monumento
1157 3222 1250 3312 plura
1279 3230 1403 3285 exstant

333 3331 480 3422 exempla
511 3335 710 3422 cognominis
738 3335 772 3399 iu
802 3357 997 3424 praenomen
1026 3331 1186 3412 conversi,
1214 3342 1251 3396 ut
1276 3331 1403 3397 Potitus

335 3442 480 3510 Valerius
499 3444 630 3512 Messala
651 3459 682 3513 et
703 3447 823 3513 Taurus
844 3445 989 3513 Statilius
1011 3445 1138 3513 Corvus.
1578 3480 1579 3505 r

379 3556 426 3622 De
452 3554 551 3623 Fabio
569 3560 703 3625 consule
723 3583 825 3651 pauca
846 3561 1074 3640 innotuerunt,
1099 3559 1183 3625 solus
1211 3557 1297 3623 enim
1330 3555 1403 3622 Au·

335 3681 445 3758 gustus
472 3669 540 3760 ipse
569 3673 800 3763 rempublicam
829 3672 1042 3763 gubernabat;
1065 3673 1128 3737 iam
1148 3671 1207 3736 sibi
1227 3669 1404 3761 placebant
1578 3670 1579 3691 ³

335 3778 474 3862 Quirites
501 3782 533 3846 in
558 3782 622 3847 otio
647 3782 777 3850 tandem
800 3784 952 3861 fruendo,
977 3783 1033 3873 qui
1052 3805 1164 3871 magua
1185 3780 1410 3848 delectatione

335 3904 412 3958 tunc
445 3895 586 3984 primum
618 3895 766 3964 viderunt
795 3897 827 3963 in
861 3919 955 3965 cavea
985 3896 1092 3986 tigrim
1130 3895 1402 3974 mansuefactam,

334 4027 435 4094 quum
472 4006 617 4074 lllarcelli
650 4007 811 4077 theatrum
837 4009 1037 4076 dedicaretur
1061 4007 1123 4074 hoc
1142 4028 1245 4088 auno,
1278 4021 1314 4073 ut
1333 4008 1404 4077 Pli-

362 4232 382 4298 1)
400 4236 450 4285 Dio
471 4235 540 4287 Cass.
564 4238 637 4289 LIV.
662 4243 709 4297 32;
736 4238 804 4288 Plin.
829 4237 866 4287 Η.
884 4235 921 4289 Ν.
939 4239 1016 4290 VIII.
1043 4242 1088 4298 17;
1114 4239 1203 4288 Frons.
1226 4234 1337 4303 Aquaed
1356 4242 1411 4299 99,

329 4323 391 4393 roo,
408 4323 470 4380 104,
489 4325 551 4383 roc,
568 4326 630 4382 ros,
647 4327 709 4384 125,
727 4326 789 4382 ran
804 4321 1256 4389 Obseq.1uu;cmsiod.;An.N0r.;
1274 4321 1410 4375 surreie.

325 4399 347 4469 ἲ)
364 4399 445 4453 Anim.
463 4401 533 4457 Hist.
553 4411 610 4459 149.
671 4404 692 4475 ³)
710 4409 748 4457 De
766 4423 866 4474 cognom.
884 4416 1015 4473 stagnum.
1033 4406 1104 4460 Rom.
1125 4424 1150 4473 p.
1169 4412 1210 4459 ⁵7.
1272 4405 1293 4474 ⁴)
1310 4406 1412 4459 Morini

327 4501 352 4551 p.
371 4493 410 4540 13.
431 4493 472 4542 76.
