3194 5302
352 435 391 496 54
454 453 481 504 o.
503 451 606 495 rusius
626 452 656 496 n.
679 453 707 497 r.
728 451 756 495 n.
778 452 805 494 u.
828 450 991 495 vincemus
1013 432 1068 515 (5).
1109 433 1130 516 5
1152 433 1178 494 1.
1200 449 1301 495 toras.

358 628 450 695 bulas
468 628 612 695 Romana
630 627 714 693 sama
735 625 873 693 convelli
895 626 1000 693 debet.
1049 625 1139 693 Fabii
1158 625 1321 718 perierunt
1340 646 1423 689 anno
1471 698 1478 711 ‚

358 745 435 819 277,
466 765 545 831 puer
563 741 622 806 ille
643 739 749 806 adhuc
777 762 842 805 non
870 739 958 805 utilis
985 739 1080 805 armis
1103 739 1225 805 scilicet
1249 761 1333 805 anuo
1358 740 1422 805 275

358 854 480 920 Romae
512 854 645 933 mansit,
680 853 737 944 qui
758 853 819 919 iam
840 876 924 918 anno
945 856 1008 919 287
1030 850 1158 919 adultus
1179 852 1323 942 fungitur
1343 872 1425 916 con·

355 968 481 1045 sulatu3
502 964 588 1054 quod
605 986 707 1054 quum
723 963 853 1029 annales
868 963 894 1033 F
895 964 1019 1053 astiquu
1036 963 1184 1044 tradunt,
1203 964 1294 1033 annis
1314 960 1425 1029 decem

358 1090 432 1143 ante
463 1077 595 1142 militari
627 1086 730 1141 aetate
754 1074 850 1140 fuerit
873 1097 1001 1141 necesse
1022 1087 1084 1153 est,
1108 1076 1185 1142 etsi
1205 1098 1270 1141 non
1291 1074 1325 1139 in
1348 1072 1427 1145 Cre·

357 1189 494 1256 merensi
522 1187 681 1278 praesidio
710 1187 824 1259 fuerit,
860 1209 959 1276 quum
989 1211 1006 1251 a
1034 1187 1142 1253 Tuscis
1162 1199 1343 1278 caperetur,
1367 1186 1427 1250 snb

359 1328 424 1370 uno
447 1303 586 1368 alterove
609 1300 740 1366 consule
763 1323 837 1365 eum
857 1300 1016 1391 stipendia
1033 1312 1208 1366 merentem
1219 1299 1311 1365 nobis
1322 1321 1428 1364 suma-

358 1440 448 1495 mus,
480 1417 560 1481 ratio
588 1414 787 1505 antiquitatis
806 1413 957 1504 postulat.
1006 1413 1113 1479 Habet
1133 1412 1238 1480 Lenis
1261 1425 1272 1463 1
1296 1410 1427 1501 quidem

357 1509 412 1595 me
436 1530 661 1595 assentientem
684 1528 790 1617 legum
812 1526 975 1591 annalium
996 1525 1120 1591 nullam
1141 1527 1296 1591 rationem
1318 1523 1430 1589 haberi

361 1664 452 1733 posse
480 1642 545 1706 illis
574 1640 788 1731 temporibus,
818 1661 928 1704 rerum
957 1638 1004 1702 nil
1030 1638 1149 1717 obstat,
1173 1637 1344 1728 quominus
1366 1636 1430 1701 lta-

361 1756 451 1819 bium
482 1753 607 1819 decimo
636 1764 708 1818 ante
733 1752 934 1818 consulatum
956 1774 1040 1816 anno
1059 1773 1215 1841 ponamus
1235 1749 1430 1815 militantem

361 1869 394 1932 in
424 1889 548 1933 summo
569 1865 767 1957 reipublicae
786 1865 986 1943 discrimine;
1008 1865 1137 1929 affertur
1158 1862 1289 1954 quidem
1311 1861 1432 1928 Valerii

362 1978 544 2068 exemplum
566 1975 706 2042 consulis
724 1998 809 2040 anno
824 1976 936 2041 aetatis
953 1978 1012 2053 23,
1036 1975 1252 2066 utquiFabius
1268 1997 1351 2041 anno
1364 1976 1432 2041 277

361 2091 472 2157 decem
493 2089 607 2179 egisset
631 2101 664 2153 et
683 2111 768 2153 anno
791 2091 854 2156 287
876 2089 937 2154 rite
958 2088 1071 2153 consul
1091 2098 1268 2166 crearetur3
1292 2085 1345 2151 sed
1365 2085 1433 2150 Va-

362 2203 433 2269 lerii
461 2202 550 2268 illius
580 2200 711 2266 historia
740 2200 839 2266 dubio
866 2199 1013 2266 nonnihil
1036 2199 1253 2274 obnoxiaest,
1276 2200 1434 2265 inunum

361 2316 447 2382 enirn
477 2314 593 2380 collata
625 2313 791 2394 ridentur,
828 2337 911 2405 quae
943 2314 1130 2406 apluribus
1151 2313 1235 2379 facta
1256 2326 1348 2393 suut,
1373 2336 1435 2380 nec

363 2451 435 2493 vero
463 2425 543 2491 mihi
572 2449 703 2518 possum
734 2427 767 2491 in
794 2429 936 2494 animum
956 2426 1109 2493 inducere
1130 2449 1204 2493 eum
1223 2426 1371 2493 iuvenem
1393 2427 1434 2493 ad

358 2562 516 2606 summurn
554 2540 588 2604 in
620 2539 787 2631 republica
816 2539 972 2606 honorem
1003 2551 1146 2607 creatum
1177 2562 1261 2618 esse;
1294 2540 1344 2604 nil
1376 2564 1436 2606 nos

359 2666 487 2730 moret,
513 2665 549 2717 nt
568 2653 632 2717 tale
651 2654 789 2720 virorum
809 2652 1001 2719 desiderium
1023 2652 1119 2718 fuisse
1140 2653 1314 2719 credamus.

409 2765 500 2830 Nihil
519 2764 696 2854 quidquam
714 2766 953 2831 extraordinarii
970 2766 1124 2832 accidisse
1141 2768 1174 2831 in
1194 2766 1302 2831 Marco
1326 2779 1438 2833 nostro

366 2877 545 2956 contendo,
564 2877 621 2967 qui
640 2901 677 2943 er
697 2878 787 2944 clade
808 2877 1007 2945 Cremerensi
1019 2881 1130 2958 erasit;
1150 2880 1297 2946 iuvenem
1312 2881 1438 2946 Romae

366 3014 440 3057 eum
463 3012 529 3056 esse
549 2990 697 3056 relictum
718 2992 932 3081 excogitatum
957 2991 1083 3058 ridetur
1102 3016 1121 3057 n
1140 2992 1294 3083 posteris,
1318 2993 1441 3082 quibus

350 3124 480 3192 ¹omnes
509 3103 612 3191 gentis
640 3102 756 3169 Fabiae
777 3104 933 3170 interiisse
954 3103 1164 3184 ridebantur,
1189 3126 1287 3194 quum
1309 3105 1442 3171 nonnisi

367 3216 486 3283 milites
505 3214 642 3281 ducibus
661 3214 768 3281 Fabiis
789 3213 970 3282 Cremeram
992 3215 1218 3282 condidissent.
1256 3214 1311 3280 Sic
1330 3218 1443 3283 omnia

369 3327 521 3394 facillime
542 3328 752 3419 explicantur,
774 3328 938 3395 constabat
957 3351 1030 3394 enm
1049 3330 1159 3420 paucis
1176 3328 1266 3395 aunis
1284 3343 1357 3419 post
1379 3330 1443 3396 ho-

370 3465 480 3507 norem
510 3443 657 3531 gessisse,
686 3465 761 3532 ergo
788 3465 853 3506 non
879 3442 1061 3521 interierat3
1089 3442 1152 3508 iam
1178 3463 1271 3507 causa
1294 3463 1352 3507 cur
1374 3467 1445 3511 non

373 3576 446 3620 cnm
476 3567 570 3645 gente
598 3578 653 3621 sua
683 3555 722 3620 ad
753 3553 935 3623 Cremeram
964 3554 1090 3634 fuisset,
1120 3566 1187 3623 erat
1212 3556 1447 3645 excogitanda,

373 3691 455 3759 quae
484 3680 561 3758 erat
575 3668 608 3733 in
628 3682 773 3759 promtu,
796 3692 869 3735 eum
888 3692 1004 3760 nempe
1022 3669 1166 3735 nondum
1185 3679 1288 3734 aetate
1308 3670 1448 3752 militari

373 3781 481 3850 fuisse.
530 3781 593 3848 Sed
624 3805 688 3848 non
717 3782 899 3873 cogitabant
927 3781 996 3861 isti,
1028 3782 1054 3847 si
1085 3794 1149 3849 tam
1168 3781 1290 3849 iuvenis
1309 3781 1447 3860 fui-sset,

373 3917 439 3960 non
475 3897 615 3985 potuisse
646 3918 717 3961 eum
749 3895 837 3961 brevi
867 3906 938 3985 post
971 3895 1171 3960 consulatum
1199 3915 1318 3984 gerere.
1381 3895 1449 3962 Ca-

375 4007 452 4073 dant
481 4018 587 4072 autern
617 4007 722 4071 omnia
750 4007 809 4070 ista
831 4027 960 4071 necesse
989 4016 1052 4084 est,
1085 4027 1186 4095 quum
1215 4006 1450 4097 arripuerimus

376 4120 506 4185 alteram
526 4117 620 4184 huius
640 4117 743 4184 famae
763 4118 1021 4209 explicationem,
1046 4140 1142 4208 quam
1163 4141 1256 4209 snpra
1276 4121 1461 4210 proposui.

376 4232 445 4298 Nec
475 4253 554 4322 opus
581 4245 628 4328 est
657 4233 768 4322 igitur,
801 4244 836 4297 ut
865 4233 1067 4322 superstitem
1095 4231 1230 4300 Fabium
1252 4256 1324 4300 eum
1346 4232 1453 4300 fuisse

404 4481 424 4552 ¹)
442 4485 479 4535 11.
501 4487 547 4533 rte
567 4498 592 4532 n.
615 4484 670 4531 tro.
