3194 5302
475 510 647 557 scarnrnnus
668 511 705 554 na
725 511 821 556 carra
847 513 941 581 asara.
1225 498 1244 557 3

173 718 253 787 quae
284 695 533 787 haudquaquam
565 696 744 763 abiicienda
773 698 913 778 ridetur,
940 699 1063 765 etiarnsi
1088 697 1140 764 hic
1168 700 1236 766 illic

171 811 280 876 insunt
307 831 443 889 errores,
474 831 555 901 quos
588 811 617 877 ei
643 812 854 901 ignoscimus,
880 813 937 903 qui
959 824 1035 878 tunc
1053 813 1136 878 intra
1157 812 1237 879 duos

171 946 270 989 annos
293 921 436 1014 linguam
460 922 606 991 Latinam
631 924 848 1016 Graecumque
870 926 1033 993 didicerat.

219 1037 375 1105 dccurate
403 1036 479 1103 huic
507 1037 678 1129 respondet
707 1051 858 1119 stemma,
887 1040 974 1130 quod
997 1039 1098 1106 edidit
1120 1040 1236 1130 (1589)

172 1152 208 1218 E.
234 1153 378 1218 llensner
404 1151 559 1218 Leoriuus
584 1150 715 1218 Silesius
740 1153 773 1218 in
793 1157 1006 1236 Praestamarci
1027 1154 1176 1220 Romano
1196 1153 1238 1218 de

171 1265 330 1331 Fama'la'a‘a
341 1268 543 1356 praecipuis
562 1278 636 1344 cet,
657 1268 700 1331 ita
721 1279 756 1331 ut
776 1268 969 1358 exscriptum
981 1267 1238 1358 credameprae·

171 1377 324 1459 cedente,
349 1377 459 1444 differt
486 1390 610 1443 tanturn
632 1380 664 1443 in
693 1380 749 1457 iis,
780 1403 862 1470 quae
882 1381 1012 1473 singulis
1036 1380 1141 1446 Fabiis
1162 1378 1239 1444 sub-

171 1491 283 1559 iunxit.

216 1602 341 1670 Eodem
370 1626 454 1668 anno
482 1602 642 1669 lohannes
669 1602 883 1696 Glandorpius
910 1604 1034 1696 publici
1067 1604 1142 1668 iuris
1164 1602 1241 1668 lecit

174 1717 421 1784 Onomastum
457 1719 621 1784 historiae
652 1716 842 1792 Romanae,
882 1719 1013 1784 additia
1046 1694 1242 1784 Stemmala's

165 1834 429 1922 praecipuarum
443 1830 697 1906 familiarum
718 1832 774 1921 qui
795 1831 866 1896 fons
887 1842 935 1896 est
958 1830 1239 1921 locupletissimus,

169 1966 230 2009 nec
250 1943 425 2035 quidquam
445 1944 512 2009 eius
531 1943 681 2009 laudibus
703 1942 869 2010 detrahere
891 1944 1001 2024 velim,
1030 1967 1104 2009 nam
1122 1943 1240 2033 proba-

169 2055 281 2123 biliter
299 2056 471 2123 admodum
493 2057 608 2122 Fabios
627 2055 809 2148 descripsit,
830 2057 886 2123 sed
905 2081 980 2148 prae
1000 2058 1117 2122 nostris
1137 2055 1239 2121 subsi-

171 2168 230 2233 diis
257 2169 420 2234 contemni
449 2181 568 2259 potest,
596 2170 652 2259 qui
673 2171 884 2259 negligentius
906 2192 1147 2259 nonnumquam
1168 2190 1240 2234 ner-

169 2292 255 2347 satus
281 2293 327 2347 est
352 2282 386 2346 in
411 2280 542 2346 historia
575 2282 733 2361 Romana;
760 2283 823 2347 iam
850 2304 936 2347 nune
964 2283 1016 2348 alii
1044 2282 1118 2348 libri
1144 2282 1239 2371 longe

169 2393 317 2461 meliores
340 2394 437 2461 duces
461 2395 553 2460 nobis
577 2396 647 2460 sint.

214 2511 253 2574 A.
275 2507 469 2598 Augustinus
495 2522 527 2575 et
546 2508 677 2573 Fulvius
699 2507 832 2573 Ursinus
848 2507 890 2572 de
909 2506 1134 2573 Romanarum
1155 2509 1238 2571 Gen-

169 2621 258 2684 tibus
277 2628 309 2683 et
328 2619 487 2684 Familias
506 2619 563 2708 qui
581 2618 774 2708 scripserudt
797 2620 929 2706 (1592),
948 2617 1129 2706 catalogum
1140 2617 1239 2683 Fabi·

170 2756 260 2799 orum
291 2743 327 2796 ut
356 2732 400 2796 ita
426 2730 530 2797 dicam
550 2741 815 2821 composnerunt,
835 2730 868 2795 in
890 2753 955 2820 quo
972 2753 1009 2795 er
1025 2741 1120 2819 gente
1135 2742 1241 2796 nostra

169 2845 330 2937 principes
349 2843 464 2910 melius
485 2868 581 2934 quam
603 2846 699 2909 ceteri
719 2842 868 2934 descripti
889 2856 979 2923 sunt,
1000 2842 1054 2908 sed
1071 2844 1139 2908 sine
1156 2844 1239 2909 clas·

170 2960 308 3025 sicerum
334 2958 531 3024 testimoniis.

213 3071 368 3161 Sequitur
398 3083 433 3136 ut
453 3070 557 3136 dicam
578 3071 618 3136 de
636 3070 800 3161 Stephano
821 3070 969 3137 Vinando
990 3070 1117 3160 Pighio,
1147 3072 1237 3135 cuius

170 3186 320 3253 Annales
349 3184 574 3251 Romanorum
607 3185 723 3274 (1615)
754 3185 859 3274 largus
887 3185 1011 3251 etiamsi
1035 3184 1237 3249 turbulentus

170 3298 241 3364 lons
270 3297 478 3388 disputationi
509 3310 653 3376 nostrae3
682 3298 715 3362 in
741 3320 805 3387 qno
838 3320 933 3387 opere
953 3321 1019 3362 non
1038 3298 1104 3362 sine
1123 3296 1239 3386 insigni

171 3411 327 3477 industria
354 3423 387 3477 et
412 3412 571 3477 indefesso
598 3410 706 3477 labore
732 3414 909 3502 composito
927 3434 1009 3501 quae
1031 3410 1183 3501 leguntur
1202 3433 1239 3475 er

168 3525 313 3614 analogia
333 3525 494 3616 suppleta,
514 3526 604 3590 nolui
625 3538 758 3590 tractare
780 3538 834 3590 aut
854 3524 893 3589 ad
914 3524 1160 3616 disputationem
1173 3536 1238 3589 tra-

168 3637 265 3718 bere3
290 3638 428 3704 honores
453 3639 525 3705 solo
544 3661 624 3729 quos
645 3638 773 3728 Pighius
792 3638 913 3728 absque
933 3638 1137 3703 classicorum
1149 3636 1239 3701 testi·

168 3753 284 3819 moniis
305 3776 342 3818 ex
361 3776 448 3818 mera
469 3754 652 3819 coniectura
673 3753 804 3845 singulis
824 3752 975 3818 Romanis
994 3751 1127 3828 tribuit,
1147 3749 1238 3838 atqui

168 3865 276 3932 Fabiis
302 3889 440 3957 qnoque.
481 3865 555 3932 Non
576 3867 662 3931 enim
683 3865 763 3930 adeo
786 3877 929 3931 constare
949 3865 1037 3930 illam
1057 3863 1238 3952 analogiam

166 4002 351 4070 persuasum
378 3978 457 4043 mihi
479 3992 541 4053 est,
567 3992 676 4044 contra
699 4001 794 4069 qnam
814 3978 877 4043 hoc
895 3977 1112 4067 gravissimum
1132 3977 1237 4044 habeo

168 4105 411 4183 argumentum,
451 4092 539 4183 quod
570 4093 656 4183 leges
685 4093 813 4158 annales
843 4091 1017 4182 antiquitus
1047 4103 1101 4156 aut
1129 4091 1237 4158 nullae

169 4207 289 4273 luerint
318 4219 373 4272 aut
395 4207 594 4296 negligenter
614 4207 873 4285 observarentur,
903 4228 1008 4296 neque
1026 4206 1238 4295 interruptam

169 4320 327 4388 bonorum
358 4321 469 4387 seriem
493 4322 641 4386 omnibus
661 4320 757 4386 luisse
778 4319 956 4403 contendo,
977 4320 1122 4386 consules
1144 4319 1237 4384 deni-

169 4457 233 4525 que
258 4436 298 4501 ad
325 4457 425 4501 unum
447 4457 557 4500 omnes
580 4433 805 4525 praeterisset
825 4433 982 4500 aedilitios
1003 4434 1235 4503 nobiseumere

171 4546 261 4629 licet,
282 4547 336 4614 sed
357 4559 504 4639 praetura
525 4548 632 4638 plnres
650 4549 706 4614 sibi
729 4548 913 4638 postulabat
933 4546 1118 4613 candidatos
1140 4568 1235 4635 qnam

1100 4666 1113 4723 l
1130 4659 1145 4692 s
