3154 5294
194 532 198 539 ·
232 510 265 559 u.
277 510 381 557 sauros
392 512 420 560 n.
432 512 459 558 r.
471 511 501 557 u.
513 513 541 556 s.
554 512 703 559 tuuusrus
714 495 789 580 (13).
807 497 868 580 §2
879 514 987 560 consue
1000 498 1041 561 ll.
1051 501 1121 564 398.
1165 501 1222 562 113

155 712 249 759 causa
280 716 354 759 cum
386 693 506 761 dietum
536 715 616 771 esse,
644 693 774 760 absente
804 705 940 785 utroque
968 695 1113 771 consule,
1145 719 1219 761 nam

157 806 264 874 Livius
287 806 403 873 diserte
422 806 530 887 addit,
550 830 623 872 eum
644 807 670 872 si
687 829 837 898 prospere
855 806 888 872 id
907 807 1028 873 bellum
1050 809 1220 886 evenisset,

157 918 264 985 Ludos
288 944 420 1012 magnos
438 921 573 999 rorisse3
593 942 658 985 non
677 941 805 1011 prorsus
825 919 1031 987 obliteratum
1054 933 1101 987 est
1122 921 1220 1011 igitur

153 1054 214 1097 cur
231 1030 336 1098 dictus
357 1032 472 1112 luerit,
491 1033 614 1098 etiarnsi
631 1032 740 1122 postea
759 1031 793 1097 iu
812 1030 1004 1097 oblivionem
1027 1052 1127 1122 quum
1149 1031 1219 1097 abi·

155 1145 245 1224 isset,
280 1146 360 1212 belli
389 1167 514 1213 oausam
549 1145 668 1236 posteri
704 1142 779 1210 huic
818 1143 999 1211 tribuerunt
1032 1144 1218 1210 dictaturae.

158 1257 259 1325 Huius
277 1257 324 1322 rei
337 1257 453 1348 passim
474 1256 610 1322 inveniri
630 1255 938 1348 possunterempla,
957 1254 1101 1346 mihique
1121 1277 1220 1346 quae·

154 1368 228 1436 dam
248 1370 402 1461 reperisse
423 1370 505 1436 risus
523 1392 604 1435 sum.

200 1482 293 1548 Hanc
315 1484 504 1549 seutentiam
525 1483 729 1549 deRomauis
751 1481 914 1549 Gallorum
928 1504 1015 1548 nuuc
1034 1505 1098 1547 non
1118 1482 1221 1548 ricto·

156 1596 244 1663 ribus
264 1596 409 1664 nondum
428 1598 534 1676 muto,
560 1597 611 1663 rel
630 1596 777 1689 perlectis
797 1596 851 1674 iis,
874 1617 957 1686 quae
978 1595 1162 1685 nuperrime
1181 1594 1221 1659 de

154 1709 213 1775 lrac
238 1730 273 1775 re
298 1709 487 1799 conscripsit
509 1708 543 1774 L.
564 1708 601 1775 ll.
620 1709 759 1774 Brto‘clrer
781 1720 811 1787 ¹,
833 1707 1027 1796 Polybianae
1047 1707 1222 1773 narrationi

154 1821 249 1889 docte
276 1821 459 1889 adversatus
483 1822 593 1888 multis
614 1823 715 1913 iisque
735 1821 905 1912 ingeniosis
924 1820 1030 1886 allatis
1051 1842 1221 1911 argumen-

154 1935 212 2014 tis,
246 1957 328 2026 qaae
356 1934 451 2001 huius
482 1935 546 2001 loci
573 1948 620 2002 est
650 1916 807 2013 refutare,
838 1932 893 2000 sed
919 1935 996 2000 nolo
1019 1935 1113 1999 nimis
1133 1957 1151 1998 a
1171 1934 1222 1999 ria

151 2047 342 2128 discedere‚'
358 2062 477 2139 postea
493 2071 552 2140 per
570 2049 670 2115 otium
694 2048 758 2114 lruc
779 2069 960 2114 reuersurus
980 2059 1013 2113 et
1031 2047 1222 2138 probaturus

155 2183 258 2227 meam
280 2161 320 2227 de
339 2162 445 2228 ¹Gallis
473 2163 661 2228 senteutiam
686 2162 781 2252 longe
805 2160 919 2227 melius
937 2159 1108 2226 convenire
1126 2160 1224 2225 mori-

155 2275 213 2339 bus
241 2275 412 2353 Romanis,
441 2299 537 2368 quam
562 2299 617 2354 ea,
638 2297 720 2365 quae
746 2275 786 2340 ud
804 2272 967 2340 Liuianum
989 2273 1106 2339 lamam
1127 2285 1222 2338 tuen·

153 2387 226 2454 dam
253 2389 392 2455 contulit
413 2388 486 2469 ille,
508 2389 631 2455 etiamsi
652 2388 754 2454 lateor
775 2410 853 2487 uon!
862 2388 968 2453 omnia
987 2387 1094 2478 sperni
1114 2408 1221 2477 posse,

155 2502 209 2568 sed
229 2524 316 2568 nuno
335 2503 447 2570 saltem
471 2526 601 2595 pergam
609 2552 618 2582 ,
643 2525 742 2594 quum
764 2525 830 2567 non
851 2500 983 2591 liqueat.

481 2679 500 2762 §
524 2681 555 2743 2.
606 2673 732 2741 Consul
752 2674 792 2740 ll.
819 2679 894 2743 398.

390 2844 420 2892 ltl.
439 2844 540 2895 taurus
559 2845 587 2894 N.
605 2845 631 2893 F.
649 2846 680 2893 ll.
698 2844 726 2894 ll.
745 2843 893 2893 ambustus
911 2846 933 2892 ll
944 2840 963 2894 ².

390 2930 418 2977 Μ.
438 2928 585 2978 Portunus
605 2931 635 2977 ltl.
654 2930 678 2977 F.
695 2930 719 2979 G.
739 2930 766 2977 N.
786 2928 896 2979 trullus
915 2930 946 2977 ll.

146 3086 151 3091 ·
198 3069 330 3161 Collega
349 3080 362 3117 ³
384 3070 539 3161 Popillius
559 3071 679 3138 bellum
701 3085 811 3139 contra
828 3072 976 3139 Tiburtes
995 3071 1089 3137 facile
1110 3074 1221 3160 gessit,

156 3206 292 3273 quorum
323 3207 413 3274 agros
442 3186 584 3251 vastavit.
631 3185 748 3251 Fabius
774 3186 875 3277 prima
901 3208 1009 3276 pugna
1030 3184 1118 3250 lusus
1136 3196 1223 3250 esta

157 3294 283 3361 Faliscis
307 3306 339 3360 et
360 3294 657 3385 Tarquiniensibus,
680 3298 772 3362 cuius
791 3298 837 3362 rei
858 3319 949 3362 causa
970 3296 1031 3361 luit
1050 3295 1142 3361 clade
1160 3318 1221 3385 po-

146 3408 214 3474 ‘tius
253 3430 349 3498 quam
380 3407 444 3472 fide
474 3407 584 3499 digna3
620 3409 713 3474 Tusci
742 3432 858 3500 nempe
887 3408 1066 3475 sacerdotes
1097 3408 1220 3473 facibus

156 3520 338 3586 ardentibus
371 3522 591 3612 anguibusque
622 3523 772 3615 praelatis
799 3524 923 3588 incessu
953 3522 1060 3588 furiali
1085 3521 1221 3586 militem

156 3631 332 3700 Romanum
352 3636 476 3701 insueta
505 3636 675 3701 turbarunt
701 3637 814 3726 specie.
861 3634 934 3700 Mox
964 3648 1090 3711 tamen,
1119 3656 1220 3724 quum

155 3744 293 3814 bostium
321 3760 491 3840 apparatus
521 3772 620 3815 sanus
649 3772 715 3814 esse
744 3748 868 3814 consuli
895 3748 1096 3838 tribunisque
1121 3771 1220 3837 appu-

155 3860 282 3941 ruisset',
307 3873 339 3927 et
368 3862 399 3926 iu
428 3884 465 3927 ua
497 3863 584 3954 ipsa,
609 3884 691 3952 quae
714 3862 819 3954 primo
836 3862 999 3952 fugerant,
1023 3883 1139 3950 magno
1158 3861 1220 3925 im-

145 3980 228 4059 'petu
249 3984 399 4051 ruerent,
428 3973 565 4038 Romani
590 3972 713 4038 hostem
740 3974 772 4038 iu
795 3974 903 4063 fugam
923 3983 1086 4039 verterunt
1106 3972 1218 4062 ingen-

156 4084 456 4175 temquepraedam
475 4087 619 4151 lecerunt
646 4087 755 4151 castris
782 4087 887 4177 potiti.
935 4084 1004 4169 Qua
1027 4085 1118 4150 clade
1140 4085 1218 4150 Tar-

157 4188 332 4283 quinienses
368 4198 475 4263 affecti
510 4210 611 4263 totum
647 4222 763 4264 nornen
794 4199 965 4265 Etruscum
998 4199 1218 4275 concitarunt,

183 4390 202 4458 ¹)
225 4391 365 4445 Uesersoct.
382 4397 422 4443 itt.
441 4393 465 4445 ἅ.
487 4392 640 4446 Glaebaottrd.
658 4394 683 4444 al.
701 4393 794 4444 altrum.
815 4391 898 4444 Gasclr.
916 4409 940 4459 p.
959 4398 1007 4445 120
1022 4409 1076 4462 sqq.
1117 4390 1137 4461 ²)
1155 4393 1223 4444 Fast.

148 4475 190 4524 tri.
205 4483 269 4539 394,
287 4486 352 4540 4003
370 4480 427 4531 Liv.
445 4481 508 4532 VII.
530 4483 573 4540 17;
591 4480 666 4529 Diod.
690 4478 740 4529 Sic.
763 4478 839 4529 XVI.
863 4483 910 4539 32;
928 4478 1054 4540 Cessiod.;
1072 4479 1125 4530 Au·
1142 4480 1219 4537 Nor.;

149 4557 214 4614 uaso.
236 4564 287 4617 sie.
334 4561 355 4632 ὅ)
370 4565 501 4619 Licvss.
520 4567 565 4626 1⁷;
578 4565 665 4617 Frons
682 4556 759 4614 Strat.
774 4564 812 4614 11.
828 4564 925 4628 45185
943 4563 1018 4614 Diod.
1031 4564 1083 4615 sta
1092 4563 1168 4615 xv1.
1178 4565 1220 4612 aa.

1061 4652 1081 4713 8
