3190 5304
97 540 100 547 .
194 451 253 533 §Z
270 469 326 515 arro
342 468 472 514 consuas
488 451 557 514 572.
575 449 596 534 ς
606 449 637 514 ἃ
654 469 797 513 roarrrrx
815 452 884 515 574.
902 453 923 536 ᾗ
933 454 963 517 9.
980 448 1118 517 austrea.
1160 456 1218 517 373

475 693 493 776 §
517 693 547 755 8.
593 691 757 779 Pontifex
780 694 846 757 574
873 707 896 760 ¹.

197 872 290 938 Anno
324 874 389 938 574
417 872 561 962 pontifex
589 872 691 939 factus
722 885 769 940 est
798 872 921 955 Labeo,
956 897 1056 965 quum
1087 899 1124 942 er
1155 875 1212 940 illo

149 984 287 1075 collegio
315 985 469 1050 maximus
493 984 678 1053 demortuus
697 999 764 1052 erat
783 987 819 1053 L.
842 987 984 1054 Valerius
1002 988 1154 1066 Flaccus,
1177 988 1212 1052 in

151 1098 240 1163 cuius
269 1099 376 1164 locum
408 1121 508 1188 quum
538 1100 618 1166 alius
652 1100 864 1180 successisset,
898 1101 1013 1167 Fabius
1043 1113 1150 1168 noster
1177 1102 1211 1166 in

152 1210 365 1278 venerandum
384 1212 556 1302 collegium
578 1214 671 1280 seuit
701 1213 774 1280 Nou
795 1215 898 1304 urgeri
918 1227 1023 1305 potest
1044 1214 1212 1280 Liuianum

149 1321 246 1401 illud,
280 1346 352 1390 eum
387 1347 453 1390 esse
483 1325 669 1414 suffectum,
702 1349 775 1392 nam
804 1339 876 1393 ante
907 1328 1008 1420 legem
1040 1327 1211 1393 Domitiam

146 1437 327 1526 promiscue
352 1437 453 1503 utitur
478 1438 592 1504 verbis:
618 1439 739 1530 legere,
762 1461 887 1525 creare,
911 1440 1068 1511 sufficere.

195 1547 335 1616 Unicum
357 1548 418 1614 boc
438 1549 499 1616 luit
517 1549 673 1618 Labeonis
702 1551 930 1634 sacerdotium,
964 1576 1037 1620 nam
1056 1553 1140 1621 male
1158 1551 1214 1618 alii

149 1661 314 1728 flaminem
339 1660 534 1745 Quirinalem
559 1685 631 1731 eum
656 1663 812 1732 dixerunt.
883 1646 886 1652 Ι

510 1847 583 1931 §a
633 1843 786 1938 [Arena
810 1847 848 1935 a]

191 2000 307 2070 Cicero
328 2000 448 2067 hancce
467 2001 507 2067 de
527 2012 633 2067 nostro
654 2013 758 2067 narrat
776 2001 957 2082 historiam,
976 2024 1074 2092 quam
1094 2002 1134 2069 de
1153 2003 1211 2068 illo

142 2140 177 2183 se
207 2116 366 2182 audivisse
392 2114 484 2193 dicit,
515 2114 570 2180 ubi
591 2114 730 2204 disputat
750 2115 789 2179 de
809 2114 950 2193 iniuriis,
974 2137 1057 2205 quae
1077 2116 1159 2180 fiunt
1176 2139 1213 2180 er

143 2229 222 2293 iuris
245 2227 362 2294 callida
381 2240 412 2293 et
431 2228 588 2292 malitiosa
605 2227 880 2318 interpretatione,
899 2225 983 2291 unde
999 2238 1111 2292 natum
1130 2228 1213 2291 illud

144 2364 341 2408 »summum
356 2340 404 2407 ius
419 2363 542 2407 summa
561 2341 710 2420 iniuria'';
731 2341 829 2406 refert
848 2338 911 2405 boc
931 2340 1052 2405 factum
1072 2365 1092 2404 >r
1102 2339 1138 2424 Q.
1151 2341 1214 2405 Fa·

142 2454 189 2520 bii
218 2454 398 2535 Labeonis,
431 2454 496 2520 sire
527 2454 626 2520 alium
657 2476 751 2544 quem
780 2452 873 2542 (nibil
898 2453 984 2518 enim
1004 2452 1101 2517 habet
1120 2476 1213 2542 prae·

142 2580 192 2635 ter
217 2567 377 2657 auditum)
402 2567 556 2633 arbitrum
582 2567 622 2633 de
643 2568 760 2634 linibus
783 2566 916 2634 Nolanis
940 2579 972 2632 et
996 2565 1213 2656 Neapolitanis

141 2706 159 2747 a
190 2690 309 2747 senatu
337 2678 463 2758 datum,
494 2701 593 2769 quum
621 2678 663 2744 ad
691 2677 797 2743 locum
824 2678 958 2744 venisset
977 2699 1050 2743 cum
1070 2678 1213 2768 utrisque

83 2776 86 2787 ἱ
140 2793 316 2885 separatim
338 2791 496 2869 locutum,
523 2803 557 2856 nt
576 2813 618 2857 ne
637 2790 753 2882 cupide
775 2790 853 2881 quid
873 2803 1016 2881 agerent,
1038 2814 1098 2856 nec
1117 2814 1214 2882 appe·

141 2919 273 2986 tenter,
312 2917 408 2995 atque
444 2917 479 2969 ut
514 2903 636 2994 regredi
673 2927 770 2994 quam
801 2904 950 2995 progredi
978 2905 1119 2973 mallent.
1176 2904 1214 2970 Id

139 3043 247 3112 quum
280 3019 407 3107 utrique
438 3018 600 3095 iecissent,
630 3018 831 3107 aliquantum
853 3021 919 3107 agri
940 3022 973 3083 in
993 3019 1101 3084 medio
1119 3018 1214 3083 relic·

138 3148 211 3200 tum
234 3143 294 3197 cst.
343 3130 455 3219 ltaque
476 3130 605 3196 illorum
628 3131 708 3196 fiaes
727 3130 808 3196 sicut
829 3129 989 3210 dixerant,
1014 3131 1214 3208 terminarit,

137 3246 171 3312 in
194 3243 308 3310 medio
328 3243 415 3332 quod
434 3241 579 3308 relictum
600 3251 683 3319 erat,
705 3241 827 3331 populo
846 3239 990 3305 Romano
1007 3240 1215 3321 adiudicarit;

68 3410 71 3415 -
137 3358 297 3449 decipere
319 3355 381 3421 boc
400 3354 529 3445 quidem
550 3366 614 3432 est,
638 3377 702 3419 non
720 3354 890 3420 iudicare.’'
922 3351 1007 3418 Nolo
1025 3355 1058 3419 iu
1079 3353 1214 3422 dubium

136 3494 261 3540 rocare
290 3468 448 3536 Labeonis
469 3466 659 3546 sollertiam,
683 3467 788 3557 potuit
818 3467 864 3533 ita
889 3466 1008 3545 lacere,
1032 3478 1067 3531 ut
1089 3467 1213 3534 duobus

136 3584 281 3653 saeculis
310 3594 381 3673 post
409 3579 612 3658 audiebatur,
641 3581 748 3671 potuit
768 3602 897 3670 quoque
915 3602 974 3669 pro
995 3579 1125 3645 arbitrio
1145 3581 1214 3647 sine

135 3700 208 3765 ulla
233 3696 337 3762 libera
357 3696 497 3760 cessione
515 3693 762 3783 disceptantium
781 3715 834 3758 eos
850 3692 989 3770 iussisse,
1007 3704 1040 3758 ut
1056 3691 1214 3762 cederent.

187 3808 291 3877 aliud
312 3808 390 3898 quid
412 3820 473 3887 est;
492 3806 646 3872 babemus
666 3828 781 3896 nempe
799 3803 985 3872 Ciceronem
1006 3807 1212 3874 confitentem

133 3949 169 3995 se
191 3946 264 3988 non
286 3934 371 3988 recte
387 3933 509 3998 tenere,
528 3918 681 3985 leceritue
698 3918 778 3984 illud
797 3919 912 3985 Fabius
931 3932 1039 3985 noster
1058 3943 1096 3984 au
1118 3922 1212 3999 alius,

132 4061 242 4130 qnam
276 4035 455 4099 Tullianam
487 4031 729 4100 haesitationem
756 4032 871 4122 arripio
901 4045 997 4123 atque
1021 4033 1117 4122 iunge
1138 4056 1212 4099 cum

130 4152 228 4218 lama
258 4171 354 4238 quam
375 4147 482 4213 Livius
512 4148 661 4224 servarit,
687 4145 722 4228 Q
743 4146 833 4211 Fabii
851 4145 1002 4211 Buteonis
1025 4148 1096 4232 (44)
1128 4146 1213 4211 arbi-

129 4266 277 4332 trium³
309 4260 379 4327 volo
409 4261 442 4326 in
469 4259 564 4325 simili
594 4260 793 4348 quaestione,
828 4282 910 4348 quac
932 4259 1015 4324 inter
1033 4259 1162 4324 Pisanos
1181 4272 1213 4324 et

163 4431 187 4497 ¹)
208 4428 275 4480 Lrv.
299 4427 358 4477 xc.
383 4432 424 4476 ar.
494 4422 518 4491 2>
532 4426 584 4476 era.
602 4423 631 4473 ac
647 4426 692 4489 off.
711 4427 733 4476 1.
754 4431 785 4476 ro
804 4427 819 4489 s
836 4429 883 4486 aa,
903 4425 962 4478 var.
981 4425 1052 4477 Max.
1070 4428 1131 4480 vrr.
1152 4433 1175 4478 a.
1196 4432 1218 4477 a.

119 4515 142 4587 ⁸)
164 4516 209 4571 Cf.
232 4512 295 4565 Lib.
313 4514 362 4565 VI.
380 4512 441 4578 Cap.
460 4524 497 4562 mr
514 4510 527 4575 §r
545 4515 574 4572 4,
592 4526 616 4574 p.
633 4514 690 4561 232.
