3210 5300
307 433 366 497 292
482 454 509 504 o.
532 449 636 497 sentus·
655 450 683 502 a.
704 450 731 493 r.
753 448 785 493 rr.
807 446 835 494 a.
857 444 989 492 ursinos
1010 448 1122 493 conces
1142 428 1217 513 (23).

639 633 657 715 §
682 631 713 696 6.
764 625 890 694 80an
910 626 950 694 ll.
975 629 1053 696 478.

521 776 547 840 Q.
566 774 667 822 taetus
685 772 712 836 Q
730 773 754 821 l'.
774 773 850 823 t1.tt.
869 771 1000 820 tttxttttts
1017 770 1128 819 GURGES
1147 770 1163 821 l.

519 861 542 909 C.
559 857 696 908 cernuus
714 858 859 907 ctaestttt.

360 964 481 1032 Unicus
501 964 630 1031 Orosius
652 975 665 1013 ²
691 975 787 1054 atque
808 963 894 1029 Fasti
916 960 1122 1052 triumphales
1141 960 1233 1027 nobis
1254 959 1294 1026 de
1316 959 1380 1026 hoc

317 1077 457 1167 Gurgitis
478 1077 601 1147 honore
619 1089 764 1143 auctores
782 1058 962 1168 supersunt.
997 1075 1184 1141 Gravissima
1199 1074 1382 1167 pestilentia

315 1190 432 1257 accidit
455 1189 518 1257 hoc
541 1212 645 1270 anno,
668 1190 712 1256 sic
734 1188 887 1256 bellorum
908 1188 1113 1280 intercapedo
1133 1211 1196 1254 non
1219 1210 1291 1254 vero
1310 1211 1380 1252 ma·

313 1305 415 1371 lorum
438 1304 515 1380 luit,
539 1326 613 1368 nam
633 1302 673 1368 de
692 1302 785 1369 coelo
802 1303 846 1368 ira
863 1302 1035 1367 introrsum
1053 1301 1170 1391 agitata
1186 1312 1253 1378 est,
1277 1322 1379 1390 quum

314 1429 346 1483 et
364 1418 397 1481 in
420 1416 507 1483 Urbe
526 1428 558 1481 et
573 1415 606 1480 iu
626 1414 737 1481 ricinis
756 1415 838 1504 agris
856 1414 1006 1480 mulieres
1025 1426 1123 1505 atque
1138 1412 1279 1505 pecudes
1297 1414 1381 1505 pesti

315 1530 571 1607 absumerentur,
595 1528 700 1594 loetus
719 1549 792 1594 curn
809 1527 963 1595 matribus
985 1528 1149 1619 peribant,
1173 1550 1247 1594 mox
1274 1526 1382 1617 proles

313 1641 462 1708 delutum
490 1639 689 1707 credebatur.
736 1639 854 1705 Mirum
874 1637 954 1704 mihi
972 1637 1104 1717 accidit,
1128 1638 1216 1729 quod
1238 1639 1381 1704 secundo

312 1775 443 1845 qnoque
473 1753 614 1843 Gurgitis
644 1751 814 1818 consulatu
846 1751 1046 1842 pestilentiae
1071 1752 1193 1817 mentio
1215 1750 1298 1817 locta
1322 1752 1381 1831 sit,

313 1868 395 1933 sicut
425 1866 465 1931 de
492 1867 598 1956 primo
629 1864 784 1942 vidimus,
817 1862 893 1930 hinc
921 1863 1059 1956 suspicio
1090 1876 1163 1930 nata
1190 1877 1237 1930 est
1260 1864 1379 1930 lamam

312 1978 527 2072 pestilentiae,
552 1999 634 2068 quae
651 1976 782 2043 consule
802 1975 934 2066 Gurgite
955 1975 1140 2056 accidisset,
1163 1977 1247 2043 male
1266 1977 1300 2042 in
1320 2000 1381 2042 au·

314 2091 442 2173 palibus
466 2090 633 2181 repetitam
652 2090 692 2156 ad
717 2101 890 2180 utrumque
910 2090 1129 2168 consulatum
1151 2087 1301 2155 cohaeret
1322 2111 1379 2156 au·

313 2217 376 2272 tem
402 2225 476 2269 cum
499 2203 561 2269 hoc
585 2215 674 2269 metu
701 2203 801 2294 prolis
827 2202 1006 2269 delicientis
1032 2203 1116 2268 farne
1141 2202 1228 2268 aedis
1251 2202 1380 2268 Veneris

317 2316 549 2408 Obsequentis,
573 2338 670 2407 quam
696 2315 819 2406 Gurges
834 2314 1025 2385 aedificarit.
1058 2315 1143 2382 Hinc
1162 2314 1257 2382 facile
1278 2314 1381 2381 credi·

318 2429 419 2498 derim
449 2429 589 2498 seeundo
615 2441 739 2496 tantum
765 2429 935 2495 consulatu
954 2429 1115 2496 civitatem
1134 2428 1314 2521 pestilentia
1331 2428 1380 2492 rf-

314 2544 432 2611 lectam
452 2565 536 2622 esse,
556 2543 609 2609 cui
627 2541 772 2633 opinioni
796 2542 968 2634 respondet
988 2540 1090 2610 Servii
1109 2556 1121 2594 ⁸
1141 2542 1227 2609 loma
1245 2541 1382 2609 Fabium

315 2680 431 2748 nempe
455 2657 488 2723 in
513 2655 601 2722 bello
625 2653 800 2722 Samnitico
823 2655 935 2722 aedem
958 2655 1049 2722 illam
1072 2656 1203 2725 sorbas.

360 2767 433 2836 Sire
461 2768 642 2860 pestilentia
668 2766 731 2835 boc
753 2791 838 2835 anno
862 2767 959 2835 luerit
979 2769 1044 2834 sire
1068 2769 1175 2862 priore
1195 2769 1384 2848 consutam,

316 2884 349 2949 in
377 2891 526 2946 neutrum
556 2879 641 2946 cadit
670 2878 759 2972 quod
788 2877 918 2946 Orosius
946 2879 1071 2969 scripsit
1095 2879 1256 2946 bellorum
1285 2880 1382 2947 luisse

295 3055 296 3058 ,
317 2992 605 3083 intercapedinem,
628 2992 787 3084 siquidem
814 3003 930 3058 neutro
960 3015 1045 3058 anno
1066 2992 1144 3059 belli
1165 2994 1290 3084 requies
1310 2994 1387 3060 fue·

319 3109 377 3187 rit,
402 3107 489 3199 quod
510 3107 596 3175 Fasti
618 3106 827 3199 triumphales
848 3107 1020 3174 evincunt:

313 3247 344 3305 Q.
356 3245 484 3295 FABIUS
492 3245 522 3305 Q.
534 3247 563 3295 F.
576 3246 611 3293 M.
622 3246 655 3294 Ν.
666 3243 832 3294 MAXIMUS
840 3244 1092 3295 concernens
1102 3246 1134 3294 ΙΙ
1145 3243 1204 3296 AN.
1215 3244 1386 3294 oncrum.

362 3330 422 3382 DE,
433 3330 653 3379 SAMNITIBUS
667 3330 848 3379 LUCANBIS
861 3329 1057 3379 scurribus
1138 3329 1388 3388 QUIHINALIBUS.

365 3442 427 3528 Qui
446 3443 557 3535 triplex
578 3442 760 3533 triumphus
778 3465 843 3508 nou
863 3442 931 3509 sine
946 3443 1034 3509 bello
1050 3442 1165 3509 ductus
1180 3465 1247 3510 esse
1262 3445 1384 3534 potnit,

318 3557 610 3647 circumspiciamus
633 3557 744 3647 itaque
776 3579 841 3645 quo
862 3556 957 3622 modo
978 3556 1184 3649 intercapedo
1212 3557 1271 3622 ista
1301 3558 1383 3623 acci·

317 3669 434 3761 pienda
461 3672 510 3737 sit.
559 3669 729 3735 Versamur
752 3670 834 3736 circa
859 3668 917 3736 bos
939 3693 1039 3736 annos
1057 3670 1089 3735 in
1111 3670 1204 3736 bellis
1224 3671 1382 3736 atrocissi-

318 3782 394 3860 mis,
424 3804 506 3872 quae
538 3793 649 3848 contra
669 3780 826 3871 Pyrrhum
848 3781 986 3851 Romani
1005 3794 1188 3873 gesserunt..
1227 3781 1290 3865 Qui
1319 3806 1383 3874 quo

318 3894 414 3962 modo
425 3913 509 3960 anno
524 3882 586 3963 tr't
599 3894 639 3961 ad
651 3893 837 3962 Heracleam
848 3895 1008 3965 Romanos
1018 3895 1168 3963 riceritct
1184 3895 1302 3962 fuderit
1320 3919 1384 3962 non

317 4006 491 4083 enarrabo,
513 4029 620 4098 neque
638 4008 713 4073 anni
734 4011 799 4075 475
819 4009 950 4075 alteram
969 4008 1132 4077 victoriam
1152 4005 1192 4073 ad
1214 4008 1383 4087 Asculum,

318 4121 441 4187 etiamsi
458 4119 601 4186 historici
618 4144 671 4187 eas
688 4121 837 4187 miserum
854 4122 886 4187 in
898 4120 1030 4189 modum
1048 4124 1256 4189 miscuerunt.
1291 4124 1384 4188 Anno

320 4233 486 4300 interiecto
505 4232 669 4299 Fabricius
698 4234 811 4300 missus
837 4245 883 4300 est
911 4247 1021 4301 contra
1048 4234 1223 4325 Pyrrhum,
1247 4256 1385 4327 quocum

344 4399 366 4465 ¹l
382 4401 769 4463 sustenementum
784 4402 908 4464 Cassiod.;
923 4404 976 4456 An.
986 4406 1049 4456 Nor.
1055 4426 1063 4466 ;
1078 4405 1148 4458 Fert.
1156 4404 1208 4457 Sic.
1259 4394 1282 4467 ²)
1299 4404 1347 4454 IV.
1359 4406 1387 4459 tt

309 4486 378 4548 sag.
396 4485 425 4534 a
447 4482 498 4535 ua.
517 4483 569 4535 ne
585 4487 636 4536 111.
658 4489 698 4536 rr.
750 4484 771 4553 ε)
788 4484 834 4545 aa
848 4485 910 4540 Aac
927 4490 950 4541 1.
970 4491 1030 4541 rso.
