<?xml version="1.0" encoding="UTF-8"?>
<!DOCTYPE html PUBLIC "-//W3C//DTD XHTML 1.0 Transitional//EN"
    "http://www.w3.org/TR/xhtml1/DTD/xhtml1-transitional.dtd">
<html xmlns="http://www.w3.org/1999/xhtml" xml:lang="en" lang="en">
 <head>
  <title>
</title>
<meta http-equiv="Content-Type" content="text/html;charset=utf-8" />
  <meta name='ocr-system' content='tesseract 3.04.00' />
  <meta name='ocr-capabilities' content='ocr_page ocr_carea ocr_par ocr_line ocrx_word'/>
</head>
<body>
  <div class='ocr_page' id='page_1' title='image "./disputatiodegen00servgoog_0202.png"; bbox 0 0 3212 5294; ppageno 0'>
   <div class='ocr_carea' id='block_1_1' title="bbox 546 469 1259 533">
    <p class='ocr_par' dir='ltr' id='par_1_1' title="bbox 546 469 1259 533">
     <span class='ocr_line' id='line_1_1' title="bbox 546 469 1259 533; baseline 0.003 -3"><span class='ocrx_word' id='word_1_1' title='bbox 546 486 722 532; x_wconf 75' lang='lat' dir='ltr'><strong>insoni-:nrt</strong></span> <span class='ocrx_word' id='word_1_2' title='bbox 742 489 902 532; x_wconf 73' lang='lat' dir='ltr'><strong>usnemun.</strong></span> <span class='ocrx_word' id='word_1_3' title='bbox 1202 469 1259 533; x_wconf 80' lang='lat'><strong>187</strong></span> 
     </span>
    </p>
   </div>
   <div class='ocr_carea' id='block_1_2' title="bbox 192 660 1320 2672">
    <p class='ocr_par' dir='ltr' id='par_1_2' title="bbox 192 660 1320 2672">
     <span class='ocr_line' id='line_1_2' title="bbox 224 660 1255 755; baseline -0.002 -25"><span class='ocrx_word' id='word_1_4' title='bbox 224 675 245 732; x_wconf 83' lang='lat'><strong>⁰.</strong></span> <span class='ocrx_word' id='word_1_5' title='bbox 281 663 381 730; x_wconf 82' lang='lat' dir='ltr'>XXV.</span> <span class='ocrx_word' id='word_1_6' title='bbox 428 664 612 731; x_wconf 77' lang='lat' dir='ltr'><strong>Pometinae</strong></span> <span class='ocrx_word' id='word_1_7' title='bbox 646 665 832 742; x_wconf 76' lang='lat' dir='ltr'>manubiae,</span> <span class='ocrx_word' id='word_1_8' title='bbox 869 684 951 755; x_wconf 92' lang='lat' dir='ltr'><strong>quae</strong></span> <span class='ocrx_word' id='word_1_9' title='bbox 982 660 1189 755; x_wconf 89' lang='lat' dir='ltr'><strong>perducendo</strong></span> <span class='ocrx_word' id='word_1_10' title='bbox 1216 663 1255 728; x_wconf 88' lang='lat' dir='ltr'><strong>ad</strong></span> 
     </span>
     <span class='ocr_line' id='line_1_3' title="bbox 284 775 1257 866; baseline -0.002 -23"><span class='ocrx_word' id='word_1_11' title='bbox 284 779 413 843; x_wconf 89' lang='lat' dir='ltr'><strong>culmen</strong></span> <span class='ocrx_word' id='word_1_12' title='bbox 445 778 532 866; x_wconf 89' lang='lat' dir='ltr'><strong>operi</strong></span> <span class='ocrx_word' id='word_1_13' title='bbox 561 777 735 844; x_wconf 80' lang='lat' dir='ltr'><strong>destinatae</strong></span> <span class='ocrx_word' id='word_1_14' title='bbox 771 788 875 855; x_wconf 86' lang='lat' dir='ltr'><strong>erant,</strong></span> <span class='ocrx_word' id='word_1_15' title='bbox 911 777 961 842; x_wconf 81' lang='lat' dir='ltr'><strong>rix</strong></span> <span class='ocrx_word' id='word_1_16' title='bbox 987 776 1020 841; x_wconf 91' lang='lat' dir='ltr'><strong>in</strong></span> <span class='ocrx_word' id='word_1_17' title='bbox 1048 775 1257 842; x_wconf 82' lang='lat' dir='ltr'><strong>fundamenta</strong></span> 
     </span>
     <span class='ocr_line' id='line_1_4' title="bbox 284 888 1256 981; baseline 0 -27"><span class='ocrx_word' id='word_1_18' title='bbox 284 890 544 981; x_wconf 79' lang='lat' dir='ltr'><strong>suppeditavere:</strong></span> <span class='ocrx_word' id='word_1_19' title='bbox 577 914 616 957; x_wconf 87' lang='lat' dir='ltr'><strong>eo</strong></span> <span class='ocrx_word' id='word_1_20' title='bbox 644 892 744 980; x_wconf 76' lang='lat' dir='ltr'><strong>magis</strong></span> <span class='ocrx_word' id='word_1_21' title='bbox 772 890 892 970; x_wconf 80' lang='lat' dir='ltr'><strong>Fabio,</strong></span> <span class='ocrx_word' id='word_1_22' title='bbox 925 888 1256 981; x_wconf 88' lang='lat' dir='ltr'><strong>praeterquamquod</strong></span> 
     </span>
     <span class='ocr_line' id='line_1_5' title="bbox 285 1003 1257 1094; baseline -0.002 -25"><span class='ocrx_word' id='word_1_23' title='bbox 285 1005 448 1094; x_wconf 88' lang='lat' dir='ltr'><strong>antiquior</strong></span> <span class='ocrx_word' id='word_1_24' title='bbox 468 1016 532 1084; x_wconf 84' lang='lat' dir='ltr'><strong>est,</strong></span> <span class='ocrx_word' id='word_1_25' title='bbox 555 1003 747 1071; x_wconf 81' lang='lat' dir='ltr'><strong>crediderim</strong></span> <span class='ocrx_word' id='word_1_26' title='bbox 769 1004 980 1094; x_wconf 79' lang='lat' dir='ltr'><strong>quadraginta</strong></span> <span class='ocrx_word' id='word_1_27' title='bbox 1000 1027 1035 1070; x_wconf 86' lang='lat' dir='ltr'><strong>ea</strong></span> <span class='ocrx_word' id='word_1_28' title='bbox 1051 1003 1118 1069; x_wconf 85' lang='lat' dir='ltr'><strong>sola</strong></span> <span class='ocrx_word' id='word_1_29' title='bbox 1137 1003 1257 1068; x_wconf 80' lang='lat' dir='ltr'><strong>talento</strong></span> 
     </span>
     <span class='ocr_line' id='line_1_6' title="bbox 282 1114 1256 1208; baseline -0.002 -27"><span class='ocrx_word' id='word_1_30' title='bbox 282 1116 397 1195; x_wconf 87' lang='lat' dir='ltr'><strong>fuisse,</strong></span> <span class='ocrx_word' id='word_1_31' title='bbox 429 1140 525 1208; x_wconf 89' lang='lat' dir='ltr'><strong>quarn</strong></span> <span class='ocrx_word' id='word_1_32' title='bbox 557 1116 680 1197; x_wconf 83' lang='lat' dir='ltr'><strong>Pisoni,</strong></span> <span class='ocrx_word' id='word_1_33' title='bbox 713 1117 770 1208; x_wconf 89' lang='lat' dir='ltr'><strong>qui</strong></span> <span class='ocrx_word' id='word_1_34' title='bbox 796 1117 1004 1208; x_wconf 76' lang='lat' dir='ltr'><strong>quadraginta</strong></span> <span class='ocrx_word' id='word_1_35' title='bbox 1027 1114 1127 1181; x_wconf 77' lang='lat' dir='ltr'><strong>millia</strong></span> <span class='ocrx_word' id='word_1_36' title='bbox 1146 1114 1256 1206; x_wconf 92' lang='lat' dir='ltr'><strong>pondo</strong></span> 
     </span>
     <span class='ocr_line' id='line_1_7' title="bbox 284 1229 1257 1320; baseline -0.003 -26"><span class='ocrx_word' id='word_1_37' title='bbox 284 1230 407 1320; x_wconf 78' lang='lat' dir='ltr'><strong>argenti</strong></span> <span class='ocrx_word' id='word_1_38' title='bbox 433 1229 569 1320; x_wconf 87' lang='lat' dir='ltr'><strong>seposita</strong></span> <span class='ocrx_word' id='word_1_39' title='bbox 596 1230 629 1295; x_wconf 92' lang='lat' dir='ltr'><strong>in</strong></span> <span class='ocrx_word' id='word_1_40' title='bbox 653 1253 723 1298; x_wconf 89' lang='lat' dir='ltr'><strong>eam</strong></span> <span class='ocrx_word' id='word_1_41' title='bbox 742 1252 808 1297; x_wconf 89' lang='lat' dir='ltr'><strong>rem</strong></span> <span class='ocrx_word' id='word_1_42' title='bbox 830 1229 957 1309; x_wconf 82' lang='lat' dir='ltr'><strong>scribit,</strong></span> <span class='ocrx_word' id='word_1_43' title='bbox 981 1251 1136 1295; x_wconf 85' lang='lat' dir='ltr'><strong>summam</strong></span> <span class='ocrx_word' id='word_1_44' title='bbox 1156 1249 1257 1318; x_wconf 89' lang='lat' dir='ltr'><strong>pecu-</strong></span> 
     </span>
     <span class='ocr_line' id='line_1_8' title="bbox 284 1338 1257 1432; baseline -0.002 -26"><span class='ocrx_word' id='word_1_45' title='bbox 284 1342 372 1419; x_wconf 90' lang='lat' dir='ltr'><strong>niae,</strong></span> <span class='ocrx_word' id='word_1_46' title='bbox 397 1364 478 1432; x_wconf 90' lang='lat' dir='ltr'><strong>quae</strong></span> <span class='ocrx_word' id='word_1_47' title='bbox 497 1364 603 1432; x_wconf 87' lang='lat' dir='ltr'><strong>neque</strong></span> <span class='ocrx_word' id='word_1_48' title='bbox 624 1365 661 1408; x_wconf 84' lang='lat' dir='ltr'><strong>ex</strong></span> <span class='ocrx_word' id='word_1_49' title='bbox 682 1343 775 1408; x_wconf 88' lang='lat' dir='ltr'><strong>unius</strong></span> <span class='ocrx_word' id='word_1_50' title='bbox 797 1354 866 1408; x_wconf 90' lang='lat' dir='ltr'><strong>turn</strong></span> <span class='ocrx_word' id='word_1_51' title='bbox 887 1341 975 1407; x_wconf 88' lang='lat' dir='ltr'><strong>urbis</strong></span> <span class='ocrx_word' id='word_1_52' title='bbox 994 1338 1112 1432; x_wconf 86' lang='lat' dir='ltr'><strong>praeda</strong></span> <span class='ocrx_word' id='word_1_53' title='bbox 1128 1362 1257 1430; x_wconf 88' lang='lat' dir='ltr'><strong>speran-</strong></span> 
     </span>
     <span class='ocr_line' id='line_1_9' title="bbox 283 1453 1258 1545; baseline -0.002 -26"><span class='ocrx_word' id='word_1_54' title='bbox 283 1454 380 1534; x_wconf 90' lang='lat' dir='ltr'><strong>dum,</strong></span> <span class='ocrx_word' id='word_1_55' title='bbox 413 1466 445 1520; x_wconf 91' lang='lat' dir='ltr'><strong>et</strong></span> <span class='ocrx_word' id='word_1_56' title='bbox 477 1454 597 1520; x_wconf 89' lang='lat' dir='ltr'><strong>nullius</strong></span> <span class='ocrx_word' id='word_1_57' title='bbox 628 1478 668 1521; x_wconf 87' lang='lat' dir='ltr'><strong>ne</strong></span> <span class='ocrx_word' id='word_1_58' title='bbox 696 1454 810 1522; x_wconf 89' lang='lat' dir='ltr'><strong>borum</strong></span> <span class='ocrx_word' id='word_1_59' title='bbox 840 1454 970 1545; x_wconf 85' lang='lat' dir='ltr'><strong>quidem</strong></span> <span class='ocrx_word' id='word_1_60' title='bbox 1001 1453 1258 1543; x_wconf 83' lang='lat' dir='ltr'><strong>magnificentiae</strong></span> 
     </span>
     <span class='ocr_line' id='line_1_10' title="bbox 284 1559 1085 1658; baseline 0 -27"><span class='ocrx_word' id='word_1_61' title='bbox 284 1588 436 1657; x_wconf 91' lang='lat' dir='ltr'><strong>operum,</strong></span> <span class='ocrx_word' id='word_1_62' title='bbox 459 1565 668 1633; x_wconf 86' lang='lat' dir='ltr'><strong>fundamenta</strong></span> <span class='ocrx_word' id='word_1_63' title='bbox 688 1592 753 1634; x_wconf 91' lang='lat' dir='ltr'><strong>non</strong></span> <span class='ocrx_word' id='word_1_64' title='bbox 773 1559 1033 1658; x_wconf 79' lang='lat' dir='ltr'><strong>exsuperaturum</strong></span> <span class='ocrx_word' id='word_1_65' title='bbox 1060 1578 1085 1631; x_wconf 92' lang='lat'><strong>¹.</strong></span> 
     </span>
     <span class='ocr_line' id='line_1_11' title="bbox 238 1678 1258 1748; baseline -0.001 -4"><span class='ocrx_word' id='word_1_66' title='bbox 238 1678 463 1745; x_wconf 79' lang='lat' dir='ltr'><strong>Niebuhrius²</strong></span> <span class='ocrx_word' id='word_1_67' title='bbox 483 1679 657 1748; x_wconf 79' lang='lat' dir='ltr'><strong>rectissime</strong></span> <span class='ocrx_word' id='word_1_68' title='bbox 677 1681 769 1748; x_wconf 80' lang='lat' dir='ltr'><strong>Liuio</strong></span> <span class='ocrx_word' id='word_1_69' title='bbox 788 1681 926 1747; x_wconf 87' lang='lat' dir='ltr'><strong>reddidit</strong></span> <span class='ocrx_word' id='word_1_70' title='bbox 945 1680 1124 1746; x_wconf 87' lang='lat' dir='ltr'><strong>Fabianum</strong></span> <span class='ocrx_word' id='word_1_71' title='bbox 1143 1700 1258 1744; x_wconf 91' lang='lat' dir='ltr'><strong>nume·</strong></span> 
     </span>
     <span class='ocr_line' id='line_1_12' title="bbox 194 1791 1258 1885; baseline 0 -29"><span class='ocrx_word' id='word_1_72' title='bbox 194 1814 264 1857; x_wconf 91' lang='lat' dir='ltr'><strong>rum</strong></span> <span class='ocrx_word' id='word_1_73' title='bbox 290 1792 459 1879; x_wconf 83' lang='lat' dir='ltr'><strong>scribendo</strong></span> <span class='ocrx_word' id='word_1_74' title='bbox 487 1793 725 1885; x_wconf 76' lang='lat' dir='ltr'><strong>»quadraginta</strong></span> <span class='ocrx_word' id='word_1_75' title='bbox 746 1818 782 1860; x_wconf 88' lang='lat' dir='ltr'><strong>ea</strong></span> <span class='ocrx_word' id='word_1_76' title='bbox 801 1794 867 1860; x_wconf 83' lang='lat' dir='ltr'><strong>sola</strong></span> <span class='ocrx_word' id='word_1_77' title='bbox 889 1794 1008 1859; x_wconf 85' lang='lat' dir='ltr'><strong>talenta</strong></span> <span class='ocrx_word' id='word_1_78' title='bbox 1027 1791 1152 1870; x_wconf 85' lang='lat' dir='ltr'><strong>fuisse&#39;&#39;,</strong></span> <span class='ocrx_word' id='word_1_79' title='bbox 1174 1791 1258 1856; x_wconf 86' lang='lat' dir='ltr'><strong>mele</strong></span> 
     </span>
     <span class='ocr_line' id='line_1_13' title="bbox 195 1902 1320 1998; baseline 0 -29"><span class='ocrx_word' id='word_1_80' title='bbox 195 1905 278 1970; x_wconf 87' lang='lat' dir='ltr'><strong>enirn</strong></span> <span class='ocrx_word' id='word_1_81' title='bbox 302 1902 431 1994; x_wconf 79' lang='lat' dir='ltr'><strong>Pighius</strong></span> <span class='ocrx_word' id='word_1_82' title='bbox 452 1905 622 1972; x_wconf 86' lang='lat' dir='ltr'><strong>intruserat</strong></span> <span class='ocrx_word' id='word_1_83' title='bbox 644 1907 936 1998; x_wconf 77' lang='lat' dir='ltr'><strong>»quadringenta’&#39;,</strong></span> <span class='ocrx_word' id='word_1_84' title='bbox 961 1905 1104 1992; x_wconf 75' lang='lat' dir='ltr'><strong>Dionysii</strong></span> <span class='ocrx_word' id='word_1_85' title='bbox 1126 1915 1139 1954; x_wconf 77' lang='lat'>⁸</span> <span class='ocrx_word' id='word_1_86' title='bbox 1159 1905 1258 1970; x_wconf 87' lang='lat' dir='ltr'><strong>allato</strong></span> <span class='ocrx_word' id='word_1_87' title='bbox 1318 1916 1320 1919; x_wconf 80' lang='grc'>’</span> 
     </span>
     <span class='ocr_line' id='line_1_14' title="bbox 195 2016 1260 2102; baseline -0.001 -19"><span class='ocrx_word' id='word_1_88' title='bbox 195 2019 377 2084; x_wconf 88' lang='lat' dir='ltr'><strong>testimonio</strong></span> <span class='ocrx_word' id='word_1_89' title='bbox 396 2018 563 2085; x_wconf 86' lang='lat' dir='ltr'><strong>scribentis</strong></span> <span class='ocrx_word' id='word_1_90' title='bbox 581 2021 787 2102; x_wconf 67' lang='grc' dir='ltr'><em>τετρακοσίων</em></span> <span class='ocrx_word' id='word_1_91' title='bbox 806 2018 988 2095; x_wconf 65' lang='lat' dir='ltr'><strong>nortorum</strong></span> <span class='ocrx_word' id='word_1_92' title='bbox 1014 2019 1067 2084; x_wconf 89' lang='lat' dir='ltr'><strong>sed</strong></span> <span class='ocrx_word' id='word_1_93' title='bbox 1088 2016 1141 2083; x_wconf 87' lang='lat' dir='ltr'><strong>hie</strong></span> <span class='ocrx_word' id='word_1_94' title='bbox 1160 2017 1260 2085; x_wconf 90' lang='lat' dir='ltr'><strong>intel·</strong></span> 
     </span>
     <span class='ocr_line' id='line_1_15' title="bbox 194 2129 1259 2223; baseline 0.001 -29"><span class='ocrx_word' id='word_1_95' title='bbox 194 2130 320 2220; x_wconf 77' lang='lat' dir='ltr'><strong>ligenda</strong></span> <span class='ocrx_word' id='word_1_96' title='bbox 339 2142 386 2196; x_wconf 90' lang='lat' dir='ltr'><strong>est</strong></span> <span class='ocrx_word' id='word_1_97' title='bbox 404 2143 469 2197; x_wconf 91' lang='lat' dir='ltr'><strong>tota</strong></span> <span class='ocrx_word' id='word_1_98' title='bbox 488 2131 621 2223; x_wconf 89' lang='lat' dir='ltr'><strong>praeda,</strong></span> <span class='ocrx_word' id='word_1_99' title='bbox 645 2132 736 2197; x_wconf 89' lang='lat' dir='ltr'><strong>cuius</strong></span> <span class='ocrx_word' id='word_1_100' title='bbox 753 2130 877 2197; x_wconf 85' lang='lat' dir='ltr'><strong>decima</strong></span> <span class='ocrx_word' id='word_1_101' title='bbox 893 2154 965 2219; x_wconf 88' lang='lat' dir='ltr'><strong>pars</strong></span> <span class='ocrx_word' id='word_1_102' title='bbox 982 2129 1044 2196; x_wconf 89' lang='lat' dir='ltr'><strong>fuit</strong></span> <span class='ocrx_word' id='word_1_103' title='bbox 1067 2130 1259 2196; x_wconf 68' lang='lat' dir='ltr'><strong>tutelense.</strong></span> 
     </span>
     <span class='ocr_line' id='line_1_16' title="bbox 194 2239 1259 2332; baseline 0.002 -25"><span class='ocrx_word' id='word_1_104' title='bbox 194 2239 261 2308; x_wconf 91' lang='lat' dir='ltr'><strong>Nec</strong></span> <span class='ocrx_word' id='word_1_105' title='bbox 290 2266 366 2309; x_wconf 81' lang='lat' dir='ltr'><strong>vero</strong></span> <span class='ocrx_word' id='word_1_106' title='bbox 390 2244 528 2310; x_wconf 90' lang='lat' dir='ltr'><strong>multum</strong></span> <span class='ocrx_word' id='word_1_107' title='bbox 559 2244 635 2310; x_wconf 92' lang='lat' dir='ltr'><strong>huic</strong></span> <span class='ocrx_word' id='word_1_108' title='bbox 665 2266 798 2309; x_wconf 90' lang='lat' dir='ltr'><strong>numero</strong></span> <span class='ocrx_word' id='word_1_109' title='bbox 818 2244 958 2308; x_wconf 75' lang='lat' dir='ltr'><strong>Fabiano</strong></span> <span class='ocrx_word' id='word_1_110' title='bbox 980 2243 1138 2322; x_wconf 86' lang='lat' dir='ltr'><strong>tribuam,</strong></span> <span class='ocrx_word' id='word_1_111' title='bbox 1162 2243 1259 2332; x_wconf 77' lang='lat' dir='ltr'><strong>origi-</strong></span> 
     </span>
     <span class='ocr_line' id='line_1_17' title="bbox 192 2354 1260 2425; baseline 0.001 -7"><span class='ocrx_word' id='word_1_112' title='bbox 192 2377 267 2419; x_wconf 90' lang='lat' dir='ltr'><strong>nem</strong></span> <span class='ocrx_word' id='word_1_113' title='bbox 294 2354 425 2422; x_wconf 86' lang='lat' dir='ltr'><strong>trahunt</strong></span> <span class='ocrx_word' id='word_1_114' title='bbox 454 2356 502 2425; x_wconf 92' lang='lat' dir='ltr'><strong>illi</strong></span> <span class='ocrx_word' id='word_1_115' title='bbox 531 2356 672 2422; x_wconf 87' lang='lat' dir='ltr'><strong>fabulosi</strong></span> <span class='ocrx_word' id='word_1_116' title='bbox 694 2370 706 2407; x_wconf 76' lang='lat'><strong>⁴</strong></span> <span class='ocrx_word' id='word_1_117' title='bbox 730 2356 856 2421; x_wconf 87' lang='lat' dir='ltr'><strong>numeri</strong></span> <span class='ocrx_word' id='word_1_118' title='bbox 877 2378 914 2421; x_wconf 86' lang='lat' dir='ltr'><strong>ex</strong></span> <span class='ocrx_word' id='word_1_119' title='bbox 936 2355 1075 2422; x_wconf 81' lang='lat' dir='ltr'><strong>vanitate</strong></span> <span class='ocrx_word' id='word_1_120' title='bbox 1099 2355 1260 2420; x_wconf 88' lang='lat' dir='ltr'><strong>Romano-</strong></span> 
     </span>
     <span class='ocr_line' id='line_1_18' title="bbox 193 2467 1284 2559; baseline 0.001 -28"><span class='ocrx_word' id='word_1_121' title='bbox 193 2489 279 2547; x_wconf 84' lang='lat' dir='ltr'><strong>rurn,¹</strong></span> <span class='ocrx_word' id='word_1_122' title='bbox 298 2469 415 2559; x_wconf 89' lang='lat' dir='ltr'><strong>quibus</strong></span> <span class='ocrx_word' id='word_1_123' title='bbox 435 2469 494 2535; x_wconf 87' lang='lat' dir='ltr'><strong>ista</strong></span> <span class='ocrx_word' id='word_1_124' title='bbox 515 2470 565 2536; x_wconf 84' lang='lat' dir='ltr'><strong>vel</strong></span> <span class='ocrx_word' id='word_1_125' title='bbox 583 2470 621 2535; x_wconf 87' lang='lat' dir='ltr'><strong>ad</strong></span> <span class='ocrx_word' id='word_1_126' title='bbox 639 2469 846 2534; x_wconf 80' lang='lat' dir='ltr'><strong>fundamenta</strong></span> <span class='ocrx_word' id='word_1_127' title='bbox 859 2467 1011 2558; x_wconf 82' lang='lat' dir='ltr'><strong>Capitolii</strong></span> <span class='ocrx_word' id='word_1_128' title='bbox 1025 2489 1089 2532; x_wconf 90' lang='lat' dir='ltr'><strong>non</strong></span> <span class='ocrx_word' id='word_1_129' title='bbox 1101 2468 1258 2533; x_wconf 85' lang='lat' dir='ltr'><strong>suffecisse</strong></span> <span class='ocrx_word' id='word_1_130' title='bbox 1280 2506 1284 2513; x_wconf 90' lang='lat'>·</span> 
     </span>
     <span class='ocr_line' id='line_1_19' title="bbox 192 2562 1258 2672; baseline -0.001 -27"><span class='ocrx_word' id='word_1_131' title='bbox 192 2562 343 2671; x_wconf 76' lang='lat' dir='ltr'><strong>magnum</strong></span> <span class='ocrx_word' id='word_1_132' title='bbox 375 2582 533 2672; x_wconf 81' lang='lat' dir='ltr'><strong>gloriandi</strong></span> <span class='ocrx_word' id='word_1_133' title='bbox 563 2583 625 2648; x_wconf 89' lang='lat' dir='ltr'><strong>fuit</strong></span> <span class='ocrx_word' id='word_1_134' title='bbox 651 2593 884 2672; x_wconf 76' lang='lat' dir='ltr'><strong>argumentum.</strong></span> <span class='ocrx_word' id='word_1_135' title='bbox 932 2578 1001 2646; x_wconf 90' lang='lat' dir='ltr'><strong>Sub</strong></span> <span class='ocrx_word' id='word_1_136' title='bbox 1019 2578 1130 2646; x_wconf 76' lang='lat' dir='ltr'><strong>Servio</strong></span> <span class='ocrx_word' id='word_1_137' title='bbox 1149 2592 1258 2647; x_wconf 86' lang='lat' dir='ltr'><strong>autem</strong></span> 
     </span>
    </p>
   </div>
   <div class='ocr_carea' id='block_1_3' title="bbox 192 2691 1257 2899">
    <p class='ocr_par' dir='ltr' id='par_1_3' title="bbox 192 2691 1257 2899">
     <span class='ocr_line' id='line_1_20' title="bbox 192 2691 1257 2786; baseline 0.001 -28"><span class='ocrx_word' id='word_1_138' title='bbox 192 2691 307 2759; x_wconf 85' lang='lat' dir='ltr'><strong>Suessa</strong></span> <span class='ocrx_word' id='word_1_139' title='bbox 338 2716 402 2759; x_wconf 92' lang='lat' dir='ltr'><strong>non</strong></span> <span class='ocrx_word' id='word_1_140' title='bbox 435 2706 500 2761; x_wconf 91' lang='lat' dir='ltr'><strong>tota</strong></span> <span class='ocrx_word' id='word_1_141' title='bbox 523 2693 646 2786; x_wconf 91' lang='lat' dir='ltr'><strong>direpta</strong></span> <span class='ocrx_word' id='word_1_142' title='bbox 669 2706 730 2773; x_wconf 91' lang='lat' dir='ltr'><strong>est,</strong></span> <span class='ocrx_word' id='word_1_143' title='bbox 759 2718 835 2760; x_wconf 91' lang='lat' dir='ltr'><strong>nam</strong></span> <span class='ocrx_word' id='word_1_144' title='bbox 853 2716 937 2758; x_wconf 85' lang='lat' dir='ltr'><strong>auno</strong></span> <span class='ocrx_word' id='word_1_145' title='bbox 959 2697 1024 2759; x_wconf 86' lang='lat'><strong>252</strong></span> <span class='ocrx_word' id='word_1_146' title='bbox 1048 2716 1122 2783; x_wconf 75' lang='lat' dir='ltr'><strong>ager</strong></span> <span class='ocrx_word' id='word_1_147' title='bbox 1143 2693 1257 2760; x_wconf 89' lang='lat' dir='ltr'><strong>Pome-</strong></span> 
     </span>
     <span class='ocr_line' id='line_1_21' title="bbox 194 2806 990 2899; baseline 0.001 -29"><span class='ocrx_word' id='word_1_148' title='bbox 194 2806 279 2872; x_wconf 88' lang='lat' dir='ltr'><strong>tinus</strong></span> <span class='ocrx_word' id='word_1_149' title='bbox 300 2807 415 2888; x_wconf 77' lang='lat' dir='ltr'><strong>veniit,</strong></span> <span class='ocrx_word' id='word_1_150' title='bbox 439 2807 518 2872; x_wconf 91' lang='lat' dir='ltr'><strong>urbe</strong></span> <span class='ocrx_word' id='word_1_151' title='bbox 540 2830 574 2873; x_wconf 92' lang='lat' dir='ltr'><strong>re</strong></span> <span class='ocrx_word' id='word_1_152' title='bbox 597 2831 668 2874; x_wconf 84' lang='lat' dir='ltr'><strong>vera</strong></span> <span class='ocrx_word' id='word_1_153' title='bbox 689 2818 781 2899; x_wconf 87' lang='lat' dir='ltr'><strong>capta</strong></span> <span class='ocrx_word' id='word_1_154' title='bbox 802 2819 833 2872; x_wconf 90' lang='lat' dir='ltr'><strong>et</strong></span> <span class='ocrx_word' id='word_1_155' title='bbox 856 2806 990 2896; x_wconf 88' lang='lat' dir='ltr'><strong>direpta.</strong></span> 
     </span>
    </p>
   </div>
   <div class='ocr_carea' id='block_1_4' title="bbox 194 3029 1260 3121">
    <p class='ocr_par' dir='ltr' id='par_1_4' title="bbox 194 3029 1260 3121">
     <span class='ocr_line' id='line_1_22' title="bbox 194 3029 1260 3121; baseline -0.001 -25"><span class='ocrx_word' id='word_1_156' title='bbox 194 3030 223 3096; x_wconf 92' lang='lat' dir='ltr'>N</span> <span class='ocrx_word' id='word_1_157' title='bbox 226 3035 248 3098; x_wconf 83' lang='lat'><strong>⁰.</strong></span> <span class='ocrx_word' id='word_1_158' title='bbox 285 3030 400 3097; x_wconf 84' lang='lat' dir='ltr'><strong>XXVI.</strong></span> <span class='ocrx_word' id='word_1_159' title='bbox 448 3029 567 3099; x_wconf 85' lang='lat' dir='ltr'><strong>Omnes</strong></span> <span class='ocrx_word' id='word_1_160' title='bbox 582 3032 644 3099; x_wconf 88' lang='lat' dir='ltr'><strong>hoc</strong></span> <span class='ocrx_word' id='word_1_161' title='bbox 659 3032 817 3112; x_wconf 88' lang='lat' dir='ltr'><strong>historici,</strong></span> <span class='ocrx_word' id='word_1_162' title='bbox 832 3033 941 3111; x_wconf 86' lang='lat' dir='ltr'><strong>Fabii,</strong></span> <span class='ocrx_word' id='word_1_163' title='bbox 959 3031 1073 3110; x_wconf 87' lang='lat' dir='ltr'><strong>Gellii,</strong></span> <span class='ocrx_word' id='word_1_164' title='bbox 1085 3030 1139 3097; x_wconf 89' lang='lat' dir='ltr'><strong>sed</strong></span> <span class='ocrx_word' id='word_1_165' title='bbox 1151 3032 1260 3121; x_wconf 84' lang='lat' dir='ltr'><strong>prori-</strong></span> 
     </span>
    </p>
   </div>
   <div class='ocr_carea' id='block_1_5' title="bbox 283 3143 1343 3685">
    <p class='ocr_par' dir='ltr' id='par_1_5' title="bbox 283 3143 1343 3685">
     <span class='ocr_line' id='line_1_23' title="bbox 284 3143 1259 3236; baseline -0.001 -27"><span class='ocrx_word' id='word_1_166' title='bbox 284 3167 335 3209; x_wconf 90' lang='lat' dir='ltr'><strong>me</strong></span> <span class='ocrx_word' id='word_1_167' title='bbox 362 3143 508 3223; x_wconf 81' lang='lat' dir='ltr'><strong>Coelius,</strong></span> <span class='ocrx_word' id='word_1_168' title='bbox 539 3168 640 3236; x_wconf 89' lang='lat' dir='ltr'><strong>quum</strong></span> <span class='ocrx_word' id='word_1_169' title='bbox 670 3145 754 3210; x_wconf 85' lang='lat' dir='ltr'><strong>bello</strong></span> <span class='ocrx_word' id='word_1_170' title='bbox 774 3146 889 3211; x_wconf 90' lang='lat' dir='ltr'><strong>Latino</strong></span> <span class='ocrx_word' id='word_1_171' title='bbox 911 3144 980 3210; x_wconf 91' lang='lat' dir='ltr'><strong>ludi</strong></span> <span class='ocrx_word' id='word_1_172' title='bbox 1006 3145 1104 3211; x_wconf 90' lang='lat' dir='ltr'><strong>rotiri</strong></span> <span class='ocrx_word' id='word_1_173' title='bbox 1130 3145 1259 3211; x_wconf 77' lang='lat' dir='ltr'><strong>maximi</strong></span> 
     </span>
     <span class='ocr_line' id='line_1_24' title="bbox 283 3257 1257 3348; baseline -0.001 -25"><span class='ocrx_word' id='word_1_174' title='bbox 283 3259 423 3348; x_wconf 90' lang='lat' dir='ltr'><strong>primum</strong></span> <span class='ocrx_word' id='word_1_175' title='bbox 443 3259 573 3334; x_wconf 89' lang='lat' dir='ltr'><strong>fierent,</strong></span> <span class='ocrx_word' id='word_1_176' title='bbox 599 3258 707 3324; x_wconf 78' lang='lat' dir='ltr'><strong>ciuitas</strong></span> <span class='ocrx_word' id='word_1_177' title='bbox 726 3257 766 3323; x_wconf 89' lang='lat' dir='ltr'><strong>ad</strong></span> <span class='ocrx_word' id='word_1_178' title='bbox 787 3282 872 3323; x_wconf 89' lang='lat' dir='ltr'><strong>arma</strong></span> <span class='ocrx_word' id='word_1_179' title='bbox 891 3270 1023 3348; x_wconf 89' lang='lat' dir='ltr'><strong>repente</strong></span> <span class='ocrx_word' id='word_1_180' title='bbox 1043 3268 1089 3322; x_wconf 87' lang='lat' dir='ltr'><strong>est</strong></span> <span class='ocrx_word' id='word_1_181' title='bbox 1112 3257 1257 3322; x_wconf 76' lang='lat' dir='ltr'><strong>excitata,</strong></span> 
     </span>
     <span class='ocr_line' id='line_1_25' title="bbox 285 3369 1343 3460; baseline -0.002 -26"><span class='ocrx_word' id='word_1_182' title='bbox 285 3369 400 3460; x_wconf 88' lang='lat' dir='ltr'><strong>Itaque</strong></span> <span class='ocrx_word' id='word_1_183' title='bbox 427 3370 511 3435; x_wconf 91' lang='lat' dir='ltr'><strong>ludis</strong></span> <span class='ocrx_word' id='word_1_184' title='bbox 539 3371 722 3445; x_wconf 82' lang='lat' dir='ltr'><strong>intermissis</strong></span> <span class='ocrx_word' id='word_1_185' title='bbox 753 3370 951 3436; x_wconf 84' lang='lat' dir='ltr'><strong>instaurativi</strong></span> <span class='ocrx_word' id='word_1_186' title='bbox 980 3369 1145 3434; x_wconf 90' lang='lat' dir='ltr'><strong>constituti</strong></span> <span class='ocrx_word' id='word_1_187' title='bbox 1174 3382 1257 3434; x_wconf 90' lang='lat' dir='ltr'><strong>sunt.</strong></span> <span class='ocrx_word' id='word_1_188' title='bbox 1341 3384 1343 3387; x_wconf 78' lang='grc'><em>’</em></span> 
     </span>
     <span class='ocr_line' id='line_1_26' title="bbox 286 3481 1257 3574; baseline 0 -28"><span class='ocrx_word' id='word_1_189' title='bbox 286 3481 347 3565; x_wconf 79' lang='lat' dir='ltr'><strong>Qui</strong></span> <span class='ocrx_word' id='word_1_190' title='bbox 371 3495 540 3574; x_wconf 85' lang='lat' dir='ltr'><strong>antequam</strong></span> <span class='ocrx_word' id='word_1_191' title='bbox 563 3484 691 3563; x_wconf 90' lang='lat' dir='ltr'><strong>fierent,</strong></span> <span class='ocrx_word' id='word_1_192' title='bbox 716 3506 881 3574; x_wconf 89' lang='lat' dir='ltr'><strong>quumque</strong></span> <span class='ocrx_word' id='word_1_193' title='bbox 901 3482 964 3548; x_wconf 90' lang='lat' dir='ltr'><strong>iam</strong></span> <span class='ocrx_word' id='word_1_194' title='bbox 982 3482 1123 3572; x_wconf 93' lang='lat' dir='ltr'><strong>populus</strong></span> <span class='ocrx_word' id='word_1_195' title='bbox 1143 3503 1257 3546; x_wconf 86' lang='lat' dir='ltr'><strong>conse·</strong></span> 
     </span>
     <span class='ocr_line' id='line_1_27' title="bbox 283 3591 1258 3685; baseline 0.004 -30"><span class='ocrx_word' id='word_1_196' title='bbox 283 3591 396 3671; x_wconf 90' lang='lat' dir='ltr'><strong>disset,</strong></span> <span class='ocrx_word' id='word_1_197' title='bbox 429 3616 536 3659; x_wconf 82' lang='lat' dir='ltr'><strong>servus</strong></span> <span class='ocrx_word' id='word_1_198' title='bbox 563 3617 620 3683; x_wconf 93' lang='lat' dir='ltr'><strong>per</strong></span> <span class='ocrx_word' id='word_1_199' title='bbox 650 3595 770 3660; x_wconf 90' lang='lat' dir='ltr'><strong>circum</strong></span> <span class='ocrx_word' id='word_1_200' title='bbox 799 3617 901 3685; x_wconf 88' lang='lat' dir='ltr'><strong>quum</strong></span> <span class='ocrx_word' id='word_1_201' title='bbox 933 3595 1027 3684; x_wconf 77' lang='lat' dir='ltr'><strong>virgis</strong></span> <span class='ocrx_word' id='word_1_202' title='bbox 1054 3592 1258 3674; x_wconf 79' lang='lat' dir='ltr'><strong>caederetur,</strong></span> 
     </span>
    </p>
   </div>
   <div class='ocr_carea' id='block_1_6' title="bbox 286 3703 1258 3771">
    <p class='ocr_par' dir='ltr' id='par_1_6' title="bbox 286 3703 1258 3771">
     <span class='ocr_line' id='line_1_28' title="bbox 286 3703 1258 3771; baseline 0.001 -2"><span class='ocrx_word' id='word_1_203' title='bbox 286 3703 408 3769; x_wconf 82' lang='lat' dir='ltr'><strong>furcam</strong></span> <span class='ocrx_word' id='word_1_204' title='bbox 436 3704 540 3771; x_wconf 83' lang='lat' dir='ltr'><strong>ferens</strong></span> <span class='ocrx_word' id='word_1_205' title='bbox 568 3705 682 3771; x_wconf 89' lang='lat' dir='ltr'><strong>ductus</strong></span> <span class='ocrx_word' id='word_1_206' title='bbox 702 3717 758 3771; x_wconf 87' lang='lat' dir='ltr'><strong>est.</strong></span> <span class='ocrx_word' id='word_1_207' title='bbox 804 3706 886 3770; x_wconf 79' lang='lat' dir='ltr'><strong>Exin</strong></span> <span class='ocrx_word' id='word_1_208' title='bbox 907 3705 1033 3770; x_wconf 89' lang='lat' dir='ltr'><strong>cuidam</strong></span> <span class='ocrx_word' id='word_1_209' title='bbox 1053 3705 1171 3770; x_wconf 88' lang='lat' dir='ltr'><strong>rustico</strong></span> <span class='ocrx_word' id='word_1_210' title='bbox 1191 3705 1258 3770; x_wconf 88' lang='lat' dir='ltr'><strong>Ro·</strong></span> 
     </span>
    </p>
   </div>
   <div class='ocr_carea' id='block_1_7' title="bbox 284 3816 1258 4228">
    <p class='ocr_par' dir='ltr' id='par_1_7' title="bbox 284 3816 1258 4228">
     <span class='ocr_line' id='line_1_29' title="bbox 285 3816 1258 3909; baseline 0 -27"><span class='ocrx_word' id='word_1_211' title='bbox 285 3839 380 3882; x_wconf 88' lang='lat' dir='ltr'><strong>mano</strong></span> <span class='ocrx_word' id='word_1_212' title='bbox 406 3816 579 3887; x_wconf 89' lang='lat' dir='ltr'><strong>dormienti</strong></span> <span class='ocrx_word' id='word_1_213' title='bbox 602 3819 685 3884; x_wconf 85' lang='lat' dir='ltr'><strong>risus</strong></span> <span class='ocrx_word' id='word_1_214' title='bbox 709 3830 756 3883; x_wconf 91' lang='lat' dir='ltr'><strong>est</strong></span> <span class='ocrx_word' id='word_1_215' title='bbox 775 3820 902 3907; x_wconf 82' lang='lat' dir='ltr'><strong>venire,</strong></span> <span class='ocrx_word' id='word_1_216' title='bbox 926 3820 983 3909; x_wconf 92' lang='lat' dir='ltr'><strong>qui</strong></span> <span class='ocrx_word' id='word_1_217' title='bbox 1001 3819 1141 3893; x_wconf 89' lang='lat' dir='ltr'><strong>diceret,</strong></span> <span class='ocrx_word' id='word_1_218' title='bbox 1164 3841 1258 3909; x_wconf 90' lang='lat' dir='ltr'><strong>prae-</strong></span> 
     </span>
     <span class='ocr_line' id='line_1_30' title="bbox 286 3930 1257 4024; baseline 0.005 -30"><span class='ocrx_word' id='word_1_219' title='bbox 286 3930 387 3995; x_wconf 80' lang='lat' dir='ltr'><strong>sulem</strong></span> <span class='ocrx_word' id='word_1_220' title='bbox 412 3930 470 3996; x_wconf 91' lang='lat' dir='ltr'><strong>sibi</strong></span> <span class='ocrx_word' id='word_1_221' title='bbox 493 3954 559 3997; x_wconf 93' lang='lat' dir='ltr'><strong>non</strong></span> <span class='ocrx_word' id='word_1_222' title='bbox 580 3931 738 4022; x_wconf 88' lang='lat' dir='ltr'><strong>placuisse</strong></span> <span class='ocrx_word' id='word_1_223' title='bbox 757 3931 857 4012; x_wconf 90' lang='lat' dir='ltr'><strong>ludis,</strong></span> <span class='ocrx_word' id='word_1_224' title='bbox 880 3932 977 4024; x_wconf 89' lang='lat' dir='ltr'><strong>idque</strong></span> <span class='ocrx_word' id='word_1_225' title='bbox 996 3932 1037 3996; x_wconf 87' lang='lat' dir='ltr'><strong>ab</strong></span> <span class='ocrx_word' id='word_1_226' title='bbox 1058 3931 1171 3998; x_wconf 88' lang='lat' dir='ltr'><strong>eodem</strong></span> <span class='ocrx_word' id='word_1_227' title='bbox 1191 3933 1257 3999; x_wconf 88' lang='lat' dir='ltr'><strong>ius·</strong></span> 
     </span>
     <span class='ocr_line' id='line_1_31' title="bbox 284 4045 1256 4126; baseline 0.007 -21"><span class='ocrx_word' id='word_1_228' title='bbox 284 4065 353 4108; x_wconf 91' lang='lat' dir='ltr'><strong>sum</strong></span> <span class='ocrx_word' id='word_1_229' title='bbox 380 4066 447 4110; x_wconf 83' lang='lat' dir='ltr'><strong>esse</strong></span> <span class='ocrx_word' id='word_1_230' title='bbox 476 4068 550 4111; x_wconf 90' lang='lat' dir='ltr'><strong>eum</strong></span> <span class='ocrx_word' id='word_1_231' title='bbox 581 4045 705 4111; x_wconf 88' lang='lat' dir='ltr'><strong>senatui</strong></span> <span class='ocrx_word' id='word_1_232' title='bbox 730 4047 896 4126; x_wconf 87' lang='lat' dir='ltr'><strong>nuntiare,</strong></span> <span class='ocrx_word' id='word_1_233' title='bbox 923 4046 1016 4112; x_wconf 90' lang='lat' dir='ltr'><strong>illum</strong></span> <span class='ocrx_word' id='word_1_234' title='bbox 1044 4069 1109 4111; x_wconf 91' lang='lat' dir='ltr'><strong>nou</strong></span> <span class='ocrx_word' id='word_1_235' title='bbox 1135 4068 1256 4113; x_wconf 89' lang='lat' dir='ltr'><strong>ausum.</strong></span> 
     </span>
     <span class='ocr_line' id='line_1_32' title="bbox 285 4142 1255 4228; baseline 0.006 -8"><span class='ocrx_word' id='word_1_236' title='bbox 285 4157 406 4224; x_wconf 89' lang='lat' dir='ltr'><strong>iterum</strong></span> <span class='ocrx_word' id='word_1_237' title='bbox 434 4182 500 4227; x_wconf 88' lang='lat' dir='ltr'><strong>esse</strong></span> <span class='ocrx_word' id='word_1_238' title='bbox 528 4158 613 4225; x_wconf 89' lang='lat' dir='ltr'><strong>idem</strong></span> <span class='ocrx_word' id='word_1_239' title='bbox 642 4142 762 4225; x_wconf 80' lang='lat' dir='ltr'><strong>iussum</strong></span> <span class='ocrx_word' id='word_1_240' title='bbox 783 4171 815 4225; x_wconf 92' lang='lat' dir='ltr'><strong>et</strong></span> <span class='ocrx_word' id='word_1_241' title='bbox 838 4160 994 4227; x_wconf 90' lang='lat' dir='ltr'><strong>monitum</strong></span> <span class='ocrx_word' id='word_1_242' title='bbox 1018 4183 1059 4226; x_wconf 92' lang='lat' dir='ltr'><strong>ne</strong></span> <span class='ocrx_word' id='word_1_243' title='bbox 1085 4160 1146 4227; x_wconf 89' lang='lat' dir='ltr'><strong>rim</strong></span> <span class='ocrx_word' id='word_1_244' title='bbox 1166 4183 1255 4228; x_wconf 85' lang='lat' dir='ltr'><strong>suam</strong></span> 
     </span>
    </p>
   </div>
   <div class='ocr_carea' id='block_1_8' title="bbox 192 4422 1263 4565">
    <p class='ocr_par' dir='ltr' id='par_1_8' title="bbox 192 4422 1263 4565">
     <span class='ocr_line' id='line_1_33' title="bbox 225 4422 1263 4500; baseline -0.007 -10"><span class='ocrx_word' id='word_1_245' title='bbox 225 4422 244 4490; x_wconf 82' lang='grc'><strong>1)</strong></span> <span class='ocrx_word' id='word_1_246' title='bbox 260 4427 317 4481; x_wconf 80' lang='lat' dir='ltr'>Liv-</span> <span class='ocrx_word' id='word_1_247' title='bbox 334 4429 358 4479; x_wconf 86' lang='lat'><strong>1·</strong></span> <span class='ocrx_word' id='word_1_248' title='bbox 376 4434 419 4481; x_wconf 82' lang='lat'><strong>⁵⁵.</strong></span> <span class='ocrx_word' id='word_1_249' title='bbox 477 4428 498 4498; x_wconf 68' lang='lat'><strong>²)</strong></span> <span class='ocrx_word' id='word_1_250' title='bbox 515 4429 549 4483; x_wconf 81' lang='lat' dir='ltr'><strong>n.</strong></span> <span class='ocrx_word' id='word_1_251' title='bbox 568 4430 599 4487; x_wconf 82' lang='lat' dir='ltr'><strong>u.</strong></span> <span class='ocrx_word' id='word_1_252' title='bbox 616 4436 639 4486; x_wconf 89' lang='lat'><strong>1.</strong></span> <span class='ocrx_word' id='word_1_253' title='bbox 659 4436 717 4486; x_wconf 64' lang='grc' dir='ltr'><strong>πο.</strong></span> <span class='ocrx_word' id='word_1_254' title='bbox 785 4429 872 4500; x_wconf 77' lang='lat' dir='ltr'>³)1v.</span> <span class='ocrx_word' id='word_1_255' title='bbox 891 4433 1005 4495; x_wconf 78' lang='lat' dir='ltr'><strong>ro,u1.</strong></span> <span class='ocrx_word' id='word_1_256' title='bbox 1026 4435 1066 4485; x_wconf 78' lang='lat' dir='ltr'><strong>ra.</strong></span> <span class='ocrx_word' id='word_1_257' title='bbox 1119 4430 1140 4499; x_wconf 74' lang='lat'><strong>⁴)</strong></span> <span class='ocrx_word' id='word_1_258' title='bbox 1158 4433 1263 4496; x_wconf 69' lang='lat' dir='ltr'><strong>uteru,</strong></span> 
     </span>
     <span class='ocr_line' id='line_1_34' title="bbox 192 4504 488 4565; baseline 0.027 -8"><span class='ocrx_word' id='word_1_259' title='bbox 192 4504 288 4564; x_wconf 79' lang='lat' dir='ltr'><strong>Metrol.</strong></span> <span class='ocrx_word' id='word_1_260' title='bbox 313 4511 408 4564; x_wconf 75' lang='lat' dir='ltr'><strong>Uetere.</strong></span> <span class='ocrx_word' id='word_1_261' title='bbox 426 4515 488 4565; x_wconf 82' lang='grc'><strong>438.</strong></span> 
     </span>
    </p>
   </div>
   <div class='ocr_carea' id='block_1_9' title="bbox 0 0 1610 5294">
    <p class='ocr_par' dir='ltr' id='par_1_9' title="bbox 0 0 1610 5294">
     <span class='ocr_line' id='line_1_35' title="bbox 0 0 1610 5294; baseline 0 0"><span class='ocrx_word' id='word_1_262' title='bbox 0 0 1610 5294; x_wconf 95' lang='lat' dir='ltr'><strong> </strong></span> 
     </span>
    </p>
   </div>
  </div>
 </body>
</html>
