3212 5294
330 435 359 481 tr.
378 437 480 481 steros
497 436 525 480 n.
544 438 571 481 r.
590 437 621 481 a.
640 439 668 482 n.
686 438 780 482 sorno
795 420 869 503 (38).
887 421 908 504 t
923 422 948 485 l.
961 441 1075 486 tentare
1090 428 1159 487 551.
1221 426 1280 487 227

206 624 312 704 potest
330 612 371 679 ad
391 614 489 680 alium
508 615 684 682 Buteonem
698 615 768 706 (25)
787 616 890 683 filium
907 616 1006 684 Marci
1018 619 1179 700 Ambusti,
1199 642 1273 686 nam

210 725 262 792 hic
287 726 385 794 Marci
410 728 570 818 gaudebat
589 730 735 809 nomine;
759 730 798 795 ad
819 729 1007 797 Numerium
1030 744 1155 799 tantum
1175 733 1275 799 Marci

209 839 315 907 filium
329 842 400 931 (30)
412 864 496 908 cons.
510 845 574 910 507
587 842 699 908 referri
710 859 828 933 posset,
841 844 899 909 nisi
910 844 1041 909 victoria
1055 845 1173 910 neralis
1186 859 1274 911 cete·

208 976 307 1044 raqae
328 953 422 1020 baius
440 956 562 1045 generis
580 955 626 1021 nil
646 955 822 1047 quidquam
840 978 1010 1022 commune
1030 957 1184 1023 haberent
1199 981 1275 1024 cum

210 1067 371 1155 equitibus
401 1068 467 1133 istis
495 1069 545 1135 rel
574 1068 731 1135 libertatis
761 1071 868 1160 signo;
897 1070 1037 1160 denique
1058 1083 1105 1136 est
1126 1093 1274 1139 nummus

210 1178 423 1260 adulterinus,
440 1182 472 1247 in
489 1203 555 1270 quo
567 1181 756 1272 explicando
771 1182 886 1249 frustra
904 1185 1118 1253 numismatici
1136 1207 1169 1250 se
1183 1207 1274 1251 exer·

211 1304 358 1363 coornat.

651 1454 834 1469 m

606 1584 794 1659 CAPUT
828 1584 871 1660 V.

344 1764 475 1813 uinces
497 1764 615 1814 saeros
641 1749 700 1835 (rr.)
725 1764 753 1813 r.
780 1746 841 1836 (n.)
869 1765 898 1813 n.
923 1764 1030 1815 norro
1056 1748 1139 1834 (33).

547 1924 564 2007 §
592 1928 618 1986 1.
666 1921 800 1987 Aedilis
824 1925 885 1987 551
917 1934 940 1987 ¹.

256 2090 322 2153 lam
342 2088 464 2153 incerta
483 2088 521 2152 fit
541 2085 620 2153 haec
641 2087 814 2153 stemmatis
837 2111 925 2177 pars,
943 2086 1069 2154 Marcus
1089 2087 1180 2154 hicce
1195 2089 1278 2158 lilius

210 2224 276 2268 esse
301 2201 406 2292 potuit
431 2200 576 2267 Numenii
601 2201 692 2288 (35),
721 2200 762 2265 de
791 2199 971 2289 quomodo
996 2200 1148 2280 vidimus,
1171 2215 1276 2291 potest

210 2328 315 2380 tamen
336 2336 437 2404 aeque
457 2315 539 2379 bene
556 2324 739 2404 procreatus
756 2335 824 2378 esse
840 2336 878 2378 er
895 2311 925 2378 N
928 2314 1040 2379 amerii
1057 2312 1152 2378 lratre
1169 2317 1276 2382 nescio

209 2452 288 2518 qno,
317 2429 406 2517 atqui
439 2439 584 2493 constare
608 2439 731 2492 tanturn
762 2425 888 2491 ridetur
917 2426 1017 2491 Marci
1048 2427 1118 2514 (31)
1153 2449 1180 2492 c.
1213 2433 1278 2495 509

210 2553 358 2631 nepotem
378 2564 450 2605 eum
470 2563 552 2618 esse,
574 2552 609 2604 ut
624 2551 710 2604 reete
727 2538 806 2603 sidit
822 2537 1002 2616 Haelshius,
1019 2550 1128 2604 contra
1147 2538 1279 2606 Richter

211 2667 332 2743 patrem
364 2652 500 2718 eundem
532 2663 641 2716 nostro
674 2651 844 2728 tribuerat,
877 2651 1000 2715 etiamsi
1031 2652 1107 2716 anni
1133 2651 1277 2730 obstant,

211 2788 334 2831 necnon
364 2763 536 2834 Dederich,
563 2764 619 2854 qni
640 2763 747 2828 Marco
774 2775 883 2828 nostro
908 2763 1046 2830 filiolum
1071 2765 1199 2845 tribuit,
1224 2765 1278 2831 sed

212 2901 249 2943 ea
270 2878 462 2942 coniectura.

256 2989 366 3057 Garuli
380 2989 442 3054 hoc
457 2989 640 3078 magistratu
657 2987 787 3053 iunctus
804 2999 850 3053 est
871 3000 978 3054 noster
995 3012 1093 3069 anno,
1111 3012 1176 3079 quo
1192 2988 1280 3055 llan-

210 3104 298 3170 nibal
326 3102 451 3168 ltaliam
484 3102 614 3193 reliquit
642 3115 673 3167 et
706 3100 881 3168 Cunctator
904 3113 1049 3167 mortuus
1078 3114 1133 3170 est.
1183 3102 1276 3186 Quod

212 3230 316 3283 autem
338 3217 376 3282 ed
398 3216 549 3282 aedilium
566 3239 680 3280 munus
697 3216 794 3305 magis
810 3216 942 3295 attinet,
961 3216 1071 3305 ingens
1087 3216 1273 3282 incendium

209 3329 363 3397 absumsit
381 3342 502 3419 partem
526 3328 691 3406 Aventini,
711 3351 794 3418 quae
811 3340 936 3418 portam
955 3325 1167 3417 Trigeminam
1184 3352 1276 3419 spec·

210 3454 307 3511 tutet
329 3442 423 3531 vulgo
444 3441 625 3531 appelletur
646 3441 776 3507 »clivus
793 3441 973 3532 publicus.’'
1004 3443 1167 3532 niquarum
1184 3467 1275 3532 mag-

208 3556 364 3623 nitudinis
390 3556 511 3620 mentio
531 3555 568 3620 fit
588 3555 619 3619 in
643 3554 812 3620 annalibus
831 3543 864 3619 et
884 3576 1029 3620 annonae
1051 3555 1194 3634 vilitatis,
1213 3579 1274 3623 nec

209 3672 341 3748 mirum,
360 3692 432 3734 nam
455 3691 509 3758 spo
522 3669 610 3758 pacis
628 3668 740 3757 ingens
760 3667 914 3733 frumenti
931 3667 1022 3758 copia
1042 3667 1172 3734 advecta
1192 3681 1274 3750 erat;

207 3784 346 3875 pretium
365 3782 448 3860 eins,
467 3782 553 3872 quod
568 3805 604 3847 ex
624 3781 792 3871 Hispania,
808 3779 917 3845 Sicilia
936 3793 968 3845 et
983 3779 1074 3845 ltalia
1093 3794 1275 3870 quaestores

207 3897 322 3988 populi
360 3918 453 3961 cansa
483 3896 618 3963 Romam
655 3894 903 3973 submittebant,
942 3907 1119 3960 statuerunt
1157 3896 1275 3962 aediles

210 4012 312 4078 lluteo
332 4022 437 4075 noster
464 4021 495 4074 et
524 4009 568 4076 M.
588 4009 731 4077 Valerius
754 4008 844 4073 Falto
865 4008 1028 4097 quaternis
1047 4008 1126 4074 aeris
1145 4009 1272 4076 vicatim

209 4123 330 4214 populo
349 4123 553 4212 descriptum.
601 4121 690 4186 ldem
715 4121 853 4211 pretinm
874 4144 958 4186 anuo
981 4125 1046 4188 554
1070 4121 1188 4188 aediles
1208 4135 1273 4189 sta·

211 4246 339 4301 tuerunt
362 4248 395 4314 ²,
420 4257 518 4326 quom
540 4257 576 4300 ex
596 4235 702 4300 Africo
725 4257 870 4324 magnam
898 4233 959 4299 rim
987 4234 1139 4301 frumenti
1164 4233 1273 4327 Scipio

239 4483 258 4551 ¹)
276 4485 332 4535 Lis.
351 4486 441 4536 xxx.
461 4489 503 4536 ro.
572 4482 593 4551 2)
611 4486 667 4537 nn.
685 4485 788 4536 xxxa.
809 4491 832 4533 r.
