3194 5302
329 461 348 518 6
530 539 532 543 ι
641 454 661 537 y
684 459 712 518 1.
733 472 846 517 accron
867 473 970 516 ccnrrs
991 471 1106 517 neuras.

333 658 524 726 tribuendae
553 670 642 738 sunt,
676 671 712 722 ut
747 659 802 723 alii
831 657 985 736 credunt,
1016 670 1063 722 est
1095 657 1128 722 Τ.
1160 655 1285 724 Claudii
1318 655 1400 723 bles-

335 773 454 839 salinae
484 784 516 838 et
545 771 580 838 C.
606 770 747 839 Cornelii
766 769 922 860 Longini,
951 771 1045 836 ambo
1066 770 1106 836 ad
1128 773 1251 838 tribum
1271 771 1401 836 Fabiam

334 888 391 976 qui
418 885 577 976 pertinere
607 883 773 963 ridentur,
804 906 870 949 non
892 883 931 948 ad
953 897 1081 974 gentem
1102 896 1265 961 nostram;
1294 885 1319 950 si
1338 884 1402 949 iam

332 998 395 1063 hoc
426 1010 648 1087 argumentum
684 997 808 1087 aliquid
840 997 1007 1088 probaret,
1038 997 1146 1087 plures
1176 998 1267 1064 Fabii
1300 998 1403 1063 ornati

333 1111 533 1176 fuissentillo
546 1112 684 1176 nornine.
706 1111 844 1175 Romani
862 1122 969 1175 autem
984 1113 1016 1175 in
1033 1111 1090 1175 tali
1107 1134 1140 1176 re
1156 1111 1216 1175 sibi
1227 1109 1402 1203 admodum

330 1225 477 1315 placent,
506 1237 538 1288 et
558 1223 731 1312 mythicam
755 1224 923 1314 originem,
950 1246 1012 1313 qua
1037 1223 1081 1288 nil
1101 1223 1227 1303 falsius,
1251 1224 1284 1289 in
1306 1245 1401 1288 num·

327 1337 388 1401 mis
406 1336 591 1427 praesertim
612 1336 803 1413 decantant,
837 1336 955 1426 quibus
974 1338 1006 1401 in
1026 1349 1218 1427 perpetuum
1239 1334 1403 1401 fabulosos

327 1471 459 1540 proavos
488 1450 633 1530 firmant,
662 1450 752 1514 cuius
783 1449 829 1514 rei
856 1449 1000 1539 exempla
1030 1451 1064 1515 in
1087 1451 1198 1539 vulgus
1217 1461 1295 1514 nota
1316 1461 1400 1515 sunt.

328 1561 435 1628 Semel
467 1574 592 1627 tantum
619 1562 767 1628 Herculis
799 1574 895 1651 caput
925 1562 958 1627 ia
989 1575 1113 1628 nostrae
1144 1563 1247 1651 gentis
1270 1584 1401 1627 nummo

326 1675 488 1753 cernitur,
521 1674 608 1766 quod
638 1675 678 1739 ad
710 1675 836 1764 signum
864 1675 928 1740 sire
959 1686 1072 1765 typum
1092 1676 1248 1765 pertinet,
1277 1697 1343 1740 non
1360 1673 1399 1738 ad

325 1788 427 1877 gemis
450 1800 624 1854 auctorem.
671 1786 744 1852 Non
772 1810 880 1852 omnes
902 1788 998 1877 igitur
1018 1789 1097 1854 adeo
1121 1789 1192 1853 sani
1212 1787 1343 1853 fuerunt
1364 1788 1398 1852 in

326 1900 467 1989 mythice
489 1901 609 1990 origine
630 1900 840 1978 celebranda,
857 1913 967 1966 contra
987 1914 1119 1992 poetac¹
1146 1902 1204 1966 toti
1223 1913 1295 1966 sunt
1311 1902 1345 1965 in
1361 1923 1398 1965 ea

323 2035 377 2092 re,
398 2034 495 2102 quarn
514 2025 660 2079 annuunt
682 2013 870 2079 Herculeam
896 2026 1042 2103 gentem,
1055 2013 1256 2102 Tirynthiam
1272 2014 1396 2104 prolem

322 2124 473 2191 laudibus
502 2128 668 2217 persecuti.
702 2126 825 2191 Fabula
853 2126 910 2191 illa
937 2139 1012 2192 nata
1043 2149 1108 2192 csse
1136 2127 1262 2193 ridetur
1289 2151 1327 2192 ex
1348 2104 1420 2192 sa·¹

319 2240 380 2305 cris
401 2240 590 2329 gentiliciis,
613 2238 653 2304 de
675 2239 792 2329 quibus
813 2262 886 2304 mor
905 2238 1018 2305 dicam.

371 2351 542 2417 Videamus
574 2351 613 2417 de
634 2352 734 2417 altero
754 2365 900 2431 anctore,
931 2375 1027 2442 quern
1050 2352 1250 2440 grammatici
1270 2363 1302 2417 et
1325 2363 1396 2440 ety-

324 2464 447 2555 mologi
466 2466 674 2544 invenerunt,
694 2466 750 2553 qui
777 2488 815 2528 er
837 2464 943 2529 fallaci
965 2488 1042 2530 sono
1062 2466 1168 2530 omnia
1189 2489 1226 2531 ex
1247 2465 1396 2530 omnibus

325 2578 498 2656 facientes,
529 2600 593 2643 non
626 2579 820 2642 intentatum
842 2578 1041 2668 reliquerunt
1061 2578 1123 2644 hoc
1143 2601 1269 2646 nomen⁴
1318 2578 1395 2644 Per·

324 2689 440 2754 hibent
458 2690 534 2754 isti²
553 2690 674 2778 primos
695 2688 790 2754 huius
812 2692 914 2779 gentis
934 2690 1036 2756 dictos
1055 2702 1128 2757 csse'
1140 2692 1280 2765 Φοδίους,
1300 2692 1395 2782 quip-

319 2826 362 2892 pe
382 2804 439 2892 qui
462 2802 558 2892 primi
568 2813 607 2884 τῇ
625 2803 662 2866 δι’
674 2802 859 2883 ὀρυγμάτων
872 2805 1064 2884 χρησάμενοι
1076 2804 1178 2889 ἄγρᾳ,
1196 2806 1229 2869 οἱ
1246 2804 1391 2886 δνοορνροιὶ

321 2915 386 2994 etp
414 2915 533 2996 φόσσονν
562 2914 614 2977 κον
634 2913 745 2995 φόδερε
767 2916 802 2979 τὸ
823 2914 948 2996 σκάψαι
972 2926 1140 2990 anteiret,
1164 2917 1262 2999 χρόνῳ
1280 2917 1312 2980 δὲ
1332 2921 1391 2980 τῶν

315 3028 395 3093 δνοῖν
431 3025 589 3108 Φθόγνων
623 3025 884 3106 μεταπεσόντων,
925 3027 1038 3107 Φάβιον
1078 3028 1385 3110 προσνγορεύθησαν.

319 3139 431 3204 Festus
462 3134 564 3200 simile
592 3134 670 3225 quid
697 3136 877 3225 scripserat,
899 3160 972 3203 narn
993 3139 1128 3205 Paulus³
1150 3140 1281 3205 tradidit
1303 3139 1390 3205 »Fo-

318 3253 362 3317 vii
392 3251 448 3340 qui
475 3271 561 3313 nuno
580 3248 668 3313 Farii
688 3248 855 3328 dicuntur,
884 3250 962 3316 dicti
985 3252 1072 3342 quod
1090 3254 1268 3343 principem
1288 3253 1390 3342 gentis

315 3366 455 3455 primum
499 3361 671 3427 ostendisse
707 3374 840 3451 putant,
870 3365 1140 3453 quemadmodum
1169 3365 1233 3430 ursi
1263 3376 1295 3430 et
1319 3365 1389 3454 lupi

317 3477 417 3542 foreis
450 3477 663 3540 tenerentur.''
710 3473 776 3540 Iam
807 3499 844 3540 ex
875 3477 965 3542 fossis
992 3479 1024 3542 in
1053 3478 1157 3543 foreas
1188 3476 1387 3556 delabimur,

315 3613 390 3655 narn
410 3588 496 3653 idern
517 3589 572 3653 ille
591 3587 765 3675 mythicam
785 3588 901 3655 famam
923 3613 996 3655 cum
1017 3591 1076 3655 ista
1098 3589 1292 3678 etymologia
1312 3590 1386 3654 iun·

317 3726 393 3792 gens
413 3702 524 3768 docuit
545 3702 723 3792 principem
743 3701 837 3768 huius
858 3705 960 3793 gentis
982 3715 1092 3769 natum
1110 3725 1292 3781 esseexea,
1312 3724 1386 3768 cum

316 3838 379 3906 qua
403 3814 557 3880 Hercules
580 3815 612 3879 in
628 3817 733 3902 scaea
757 3817 943 3882 concubuit.

362 3928 477 3993 Fabios
499 3929 574 3993 olim
586 3950 692 3994 resera
706 3928 808 3995 dictos
822 3952 890 3994 esse
901 3928 1015 3993 Forios
1025 3927 1161 3994 credidit
1171 3928 1351 3996 Schnenck
1360 3941 1384 4008 ⁴,

315 4042 368 4131 qui
396 4040 459 4105 huc
483 4043 574 4106 traxit
602 4040 792 4132 Lupercalia
819 4064 943 4108 necnon
968 4041 1168 4121 Euandrum,
1199 4042 1290 4108 cuins
1322 4065 1383 4108 no-

340 4281 361 4351 ¹)
381 4284 454 4336 ovid,
473 4282 544 4333 Fasr.
560 4283 597 4332 ΙΙ.
615 4286 679 4344 sar,
698 4298 728 4331 es
745 4280 819 4330 Pon.
838 4283 889 4331 111.
908 4287 997 4342 a‚roo;
1013 4284 1102 4335 laven.
1118 4285 1195 4336 VIII.
1206 4283 1379 4342 44;si1.1tst.

309 4370 345 4420 ΙΙ.
379 4375 409 4429 3,
443 4370 674 4426 vncos—oso,
708 4367 786 4418 V111.
825 4371 872 4427 35,
909 4368 972 4417 VII.
1001 4374 1059 4418 sle.
1131 4365 1236 4434 ²)P1ut.
1263 4366 1326 4418 Fac.
1357 4374 1379 4418 r.

309 4451 329 4520 5)
348 4455 440 4518 [Fert]
459 4453 532 4504 Paul.
550 4468 574 4502 v.
593 4450 666 4501 Fabii
683 4468 707 4516 p.
726 4456 773 4512 87,
797 4452 840 4502 nbi
856 4453 952 4503 codices
970 4453 1064 4504 habent
1081 4453 1154 4505 Fauii
1160 4493 1167 4517 ‚
1185 4461 1213 4505 nt
1231 4463 1255 4505 et
1272 4470 1297 4520 p.
1316 4459 1375 4506 3³4.

308 4537 329 4606 4)
348 4536 399 4589 Die
415 4536 506 4588 Fabier
524 4535 573 4587 and
589 4534 705 4588 Romulus
721 4537 748 4589 in
766 4533 851 4591 lilerio
871 4534 938 4591 Mus.
957 4540 1005 4593 VI.
1025 4543 1083 4589 481.
