3210 5300
564 470 587 551 0
611 471 655 533 12.
678 487 787 532 consui
810 472 859 533 lV.
881 471 950 533 540.
1237 478 1297 542 339

222 663 407 743 defecisset,
439 664 500 757 nisi
528 664 698 732 Marcellus
726 667 946 734 intervenisset
970 679 1002 735 et
1027 669 1072 735 sic
1089 692 1147 760 per
1168 669 1287 738 Roma-

221 801 299 845 num
330 778 524 870 praesidium
554 780 669 847 Poenis
700 781 812 847 urbem
842 781 1015 871 eripuisset.
1072 782 1140 850 Nec
1168 785 1285 851 frustra

222 892 429 984 Sempronius
456 904 466 942 ¹
498 892 683 972 advenerat,
707 892 826 985 quippe
845 894 902 985 qui
922 895 962 960 ad
984 893 1130 962 Calorem
1149 897 1284 965 flurium

220 1024 295 1072 cum
331 1003 489 1072 Hannone
521 1031 558 1073 ex
588 1008 721 1074 Bruttiis
749 1008 901 1073 redeunte
940 1030 1090 1098 magnum
1126 1011 1285 1101 proelium

220 1119 309 1197 iniit,
340 1118 374 1183 in
405 1142 470 1209 quc
496 1142 573 1211 prae
600 1120 712 1186 ceteris
731 1120 884 1186 acerrime
902 1133 1083 1212 pugnarunt
1103 1121 1285 1213 Sempronii

220 1232 350 1297 volones
370 1232 519 1299 libertate
537 1234 678 1324 praemio
694 1233 874 1324 praeposita
902 1235 955 1313 iis,
985 1235 1042 1325 qui
1066 1248 1161 1324 caput
1184 1235 1285 1303 bostis

220 1345 412 1414 retulissent.
472 1345 553 1412 Turn
585 1346 755 1412 Marcellus
781 1346 867 1413 baud
903 1348 1016 1438 procul
1045 1371 1063 1412 a
1092 1346 1175 1414 Nola
1207 1370 1283 1416 cum

220 1457 401 1523 Hannibale
427 1480 540 1524 manus
569 1460 729 1525 conseruit
750 1472 780 1539 ²,
812 1482 849 1526 ex
874 1484 935 1551 qua
964 1484 1071 1551 pugna
1091 1442 1285 1552 parum'ab-

177 1600 180 1605 ⁴
220 1570 298 1650 tuit,
323 1571 401 1662 quin
418 1573 520 1638 victor
539 1572 729 1638 discessisset
748 1573 823 1653 ille,
846 1597 922 1640 nam
942 1577 1067 1663 equites
1088 1597 1168 1665 quos
1187 1574 1285 1642 Sues-

219 1684 289 1750 sula
307 1685 524 1765 arcessirerat,
538 1708 607 1751 sero
624 1685 836 1767 aduenerant3
854 1709 966 1753 rerum
983 1687 1168 1768 Marcellus,
1188 1712 1285 1779 quem

219 1810 306 1863 recte
326 1797 461 1864 civitatis
479 1798 619 1889 gladium
637 1798 767 1881 dixeris,
783 1790 910 1867 strenue
925 1824 991 1869 rem
1010 1802 1122 1891 gessit,
1145 1813 1177 1866 et
1196 1807 1287 1871 2000

219 1907 359 1974 hostium
387 1909 485 1974 caesis
516 1909 660 2000 superior
684 1910 756 1977 luit.
802 1904 908 1977 Sensit
930 1923 1008 1977 tunc
1029 1913 1154 1978 Poenus
1173 1937 1206 1979 se
1227 1937 1287 1981 ne-

218 2022 394 2113 quidquam
414 2034 563 2089 conatum
578 2042 644 2088 esse
661 2022 777 2091 Nolam
794 2037 1020 2116 cuperentque
1037 2025 1157 2091 diutius
1170 2026 1286 2116 degere

218 2136 252 2200 in
282 2134 472 2226 Campania,
506 2136 601 2202 tertio
630 2136 681 2202 die
708 2148 781 2227 post
810 2149 911 2203 eastra
934 2139 1036 2204 morit
1056 2150 1088 2204 et
1110 2140 1283 2206 Tarentum

217 2248 296 2314 abiit
315 2271 387 2314 cum
409 2272 464 2340 spe
483 2261 588 2315 certae
608 2249 809 2340 proditionis.

261 2360 437 2429 Cunctator
466 2372 478 2412 ⁸
509 2361 549 2427 ad
578 2361 754 2428 Casilinum
783 2375 867 2443 erat,
895 2363 983 2454 quod
1004 2364 1162 2455 praesidio
1186 2364 1284 2431 Cam-

213 2497 298 2564 pano
328 2487 360 2540 et
387 2475 507 2540 Punico
539 2476 724 2554 tenebatur,
758 2498 823 2566 qno
850 2498 950 2565 quum
977 2478 1045 2543 eius
1067 2490 1167 2543 castra
1188 2479 1283 2543 nimis

216 2566 462 2667 lacesserentur,
491 2572 680 2654 Marcellum
709 2610 781 2653 cum
806 2602 896 2680 parte
918 2592 1082 2681 copiarum
1105 2591 1283 2671 arcessivit,

215 2700 303 2791 quod
331 2713 400 2766 tute
427 2701 496 2766 lieri
520 2713 663 2792 poterat,
687 2725 763 2767 narn
786 2701 910 2767 Poenus
929 2704 991 2768 iam
1023 2704 1159 2793 petierat
1190 2704 1285 2770 Cala·

217 2814 329 2880 briam.
377 2813 564 2882 Coniunctis
584 2815 704 2880 viribus
725 2815 900 2881 Casilinum
923 2816 1068 2882 obsidere
1090 2829 1282 2908 coeperunt,

216 2925 302 3017 qnod
332 2926 419 2991 hand
443 2928 508 2992 scic
530 2952 569 2993 an
590 2928 764 3018 cepissent,
788 2929 814 2993 si
833 2929 1003 2995 Marcellus
1030 2953 1094 2995 non
1115 2931 1285 3010 adfuisset3

216 3038 366 3104 bicenim
386 3039 540 3119 Fabium,
565 3042 709 3130 quirem
731 3042 878 3107 omittere
898 3043 1055 3121 malebat,
1079 3043 1227 3123 retinuit,
1252 3055 1285 3109 et

215 3152 314 3217 vineis
333 3151 554 3243 machinisque
577 3152 714 3219 admotis
735 3154 814 3219 urbe
835 3155 929 3245 potiti
949 3167 1023 3220 suut
1043 3155 1200 3235 Romani,
1225 3156 1283 3245 qui

214 3264 448 3356 oppidanorum
462 3265 589 3330 turbam
606 3266 639 3330 in
656 3267 832 3332 custodiam
853 3265 1010 3332 dederunt
1029 3289 1089 3357 per
1109 3267 1280 3349 finitimos,

213 3379 254 3444 de
275 3378 388 3444 ceteris
407 3379 542 3444 Romam
562 3380 663 3445 missis
683 3379 876 3470 supplicium
898 3380 979 3446 sumi
998 3380 1129 3470 placuit.

259 3490 384 3557 Deinde
403 3516 420 3556 a
439 3493 540 3558 Fabio
569 3506 716 3585 receptae
746 3505 852 3559 sunt⁴
883 3494 990 3582 plnres
1018 3492 1140 3559 Samnii
1169 3494 1280 3574 urbes,

214 3627 296 3694 qnae
327 3606 366 3671 ad
398 3605 611 3672 Hannibalem
640 3606 841 3684 deiecerant,
874 3604 1115 3697 Compulteria,
1140 3607 1281 3688 Telesia,

213 3714 366 3808 Compsa,
390 3717 489 3798 Mela,
513 3721 679 3799 Fullulae,
710 3719 935 3797 Orbitanium,
961 3742 996 3785 er
1021 3718 1157 3784 Lucanis
1181 3719 1280 3785 Blan-

212 3830 289 3912 dae,
313 3855 351 3897 er
379 3831 493 3922 Apulis
523 3833 640 3912 Aecae,
669 3833 731 3899 uisi
751 3833 835 3897 forte
855 3830 950 3897 huius
973 3832 1060 3898 urbis
1081 3833 1278 3924 oppugnatio

214 3942 416 4010 Cunctatoris
437 3945 504 4009 filio
517 3946 587 4036 (37)
604 3944 640 4028 Q.
652 3945 752 4011 Fabio
767 3945 907 4035 praetori
923 3943 1113 4010 vindicanda
1137 3947 1196 4024 sit,
1221 3947 1278 4037 qui

213 4057 247 4122 in
269 4057 384 4149 Apulia
405 4057 541 4148 degebat
561 4071 593 4125 et
611 4082 712 4148 prope
730 4058 896 4124 Luceriam
919 4059 1055 4124 Acerram
1076 4059 1196 4150 cepisse
1213 4058 1277 4125 fer·

213 4180 283 4250 tur,
308 4180 414 4234 noster·
433 4169 518 4234 euim
539 4192 603 4236 non
625 4170 704 4237 adeo
714 4171 870 4261 perrexit,
894 4171 927 4235 ni
948 4169 1053 4237 fallor.
1101 4171 1221 4239 Multos
1242 4173 1276 4237 irr

241 4440 262 4507 ¹)
278 4443 335 4491 Lis.
360 4440 465 4494 XXIV.
491 4445 605 4502 14—1e;
628 4441 697 4492 Flor.
722 4444 759 4493 11.
784 4441 899 4506 6030;
922 4443 1012 4493 Zonar.
1035 4444 1086 4495 IX.
1110 4446 1136 4495 4.
1187 4442 1209 4512 ²)
1226 4447 1285 4498 Lir.

205 4525 311 4583 XXIV.
333 4530 373 4576 1⁷.
425 4524 445 4594 ³)
464 4527 521 4578 Lis.
539 4526 643 4579 XXIV.
665 4532 704 4577 19.
756 4525 777 4595 4)
794 4527 851 4578 Lis.
871 4527 973 4580 XXIV.
993 4532 1034 4578 20.

1096 4613 1162 4675 22*
