3190 5304
289 486 318 538 u.
340 486 442 530 saurus
463 486 490 536 o.
512 484 539 529 r.
562 486 588 536 u.
610 486 638 530 n.
659 484 789 531 narinus
809 469 884 553 (43).
905 471 926 554 (1
950 472 976 532 1.
998 486 1191 534 annuanoura.
1236 468 1296 532 377

625 669 815 744 CAPUT
848 670 895 745 X.

360 830 500 891 umarus
523 831 640 880 ramus
664 813 720 905 (u.)
745 832 774 881 r.
797 833 825 894 u.
850 832 879 880 n.
903 832 1051 881 naxmus
1077 817 1158 900 (43).

597 967 616 1051 §
642 968 670 1031 l.
722 964 934 1056 Genealogia.

277 1110 456 1178 Dicendum
474 1125 522 1180 est
540 1112 581 1181 de
600 1112 638 1198 Q.
660 1114 759 1181 Fabio
780 1115 933 1194 Maximo,
956 1127 1103 1206 praetore
1122 1114 1196 1180 anni
1216 1116 1296 1192 5733

231 1223 295 1289 tuit
310 1222 367 1289 ille
385 1224 527 1313 aequalis
545 1225 671 1315 auguris
685 1226 768 1314 (42),
786 1224 827 1292 de
847 1248 912 1318 quo
928 1226 1024 1293 modo
1038 1226 1190 1304 vidimus,
1206 1226 1297 1316 atqui

231 1333 434 1402 Cunctatoris
462 1359 575 1427 nepos,
611 1338 775 1428 quaeritur
806 1351 914 1405 utrum
946 1339 1044 1406 frater
1074 1336 1227 1431 patmelis
1255 1360 1296 1403 an

230 1468 399 1538 germanus
421 1447 518 1514 fuerit
538 1449 675 1539 auguris.

278 1557 412 1626 Obstare
424 1560 566 1641 ridetur,
582 1562 754 1652 quominus
769 1581 821 1629 eos
836 1562 947 1629 iratres
961 1583 1127 1653 germanos
1142 1560 1297 1640 dieamus,

231 1671 317 1762 qnod
339 1672 452 1740 eodem
471 1675 678 1764 praenomine
697 1689 729 1741 et
747 1676 937 1766 cognomine
959 1676 1062 1742 ornati
1083 1675 1146 1741 sint
1172 1685 1300 1765 praetor

230 1796 340 1851 noster
356 1798 388 1852 et
406 1809 507 1877 augur
516 1787 589 1867 ille;
608 1789 783 1854 afferuntur
803 1803 812 1840 ¹
837 1787 968 1880 quidem
987 1787 1131 1879 exemplu
1151 1787 1299 1863 fratrum,

232 1896 291 1990 qui
321 1898 435 1965 eodem
465 1900 673 1990 praenomine
707 1901 810 1966 ornati
840 1902 987 1981 fuerunt,
1022 1912 1057 1966 ut
1087 1901 1187 1966 asinii
1215 1899 1300 1966 Galli

233 2011 372 2077 consulis
392 2016 457 2078 746
482 2013 547 2079 duo
568 2013 628 2078 lilii
656 2012 724 2079 Gaii
743 2012 915 2080 Saloninus
933 2026 966 2079 et
984 2013 1101 2091 Pollio,
1125 2025 1160 2079 ut
1177 2012 1213 2097 Q.
1231 2012 1301 2078 Me·

234 2122 304 2189 telli
331 2120 465 2212 Nepotis
495 2123 634 2189 consulis
661 2126 727 2189 656
747 2120 810 2187 duo
829 2122 940 2207 Quinti
959 2120 1053 2188 Celer
1072 2134 1103 2187 et
1122 2121 1244 2212 Nepos,
1268 2135 1303 2187 ut

235 2233 272 2303 0.
295 2232 422 2302 Claudii
440 2234 543 2301 Crassi
560 2234 724 2302 dictatoris
741 2239 807 2301 417
830 2234 894 2301 duo
916 2235 1009 2325 appii
1028 2234 1149 2301 Caecus
1168 2248 1200 2301 et
1217 2234 1301 2301 Gau·

234 2348 313 2427 der,
332 2369 441 2414 rerum
458 2348 492 2414 bi
509 2372 618 2414 omnes
634 2350 804 2439 agnomine
821 2347 1068 2439 dignosountur,
1086 2359 1122 2413 ut
1134 2346 1171 2431 Q.
1184 2347 1302 2413 Fabius

235 2461 343 2527 Labeo
365 2462 436 2548 (41)
456 2474 488 2527 et
509 2461 545 2546 Q.
563 2462 679 2528 Fabius
691 2461 846 2528 Maximus
864 2462 935 2551 (42)
955 2483 1068 2551 augur,
1091 2471 1124 2526 et
1139 2459 1174 2544 Q.
1187 2461 1303 2527 Fabius

235 2574 391 2641 Maximus
412 2575 607 2641 Aemilianus
635 2573 705 2662 (48)
727 2587 758 2641 et
779 2574 816 2659 Q.
840 2574 958 2641 Fabius
979 2573 1133 2639 Maximus
1154 2571 1302 2639 Servilia-

237 2710 297 2753 nus
311 2686 394 2776 (49).
429 2687 499 2752 Alia
517 2701 628 2753 contra
639 2688 718 2754 ratio
730 2689 811 2754 valet
824 2688 856 2753 iu
868 2687 1092 2754 Marcellorum
1110 2686 1244 2766 familia,
1270 2688 1303 2753 iu

236 2800 402 2893 quaterni
431 2799 542 2865 iratres
567 2800 666 2866 Marci
685 2800 892 2891 praenomine
911 2800 959 2865 usi
980 2811 1053 2865 sunt
1073 2799 1164 2865 nullo
1183 2822 1303 2890 cogno·

236 2913 324 2979 ruine
348 2911 567 3002 distinguendi
591 2912 767 2980 seeundum
786 2913 1006 2979 Drumannnm
1030 2923 1060 2988 ’ς
1083 2924 1115 2978 41
1137 2912 1269 2980 Richter
1290 2925 1302 2964 ⁸

236 3026 332 3092 aliam
352 3026 520 3117 proposuit
545 3027 781 3118 genealogiam,
804 3027 848 3092 itu
869 3039 904 3092 ut
925 3024 1052 3092 nonnisi
1072 3024 1172 3091 nunna
1197 3049 1303 3093 ereru-

235 3139 329 3232 plum
348 3140 482 3231 supersit
503 3140 537 3205 in
557 3138 601 3206 M.
620 3139 773 3206 Mareello
792 3140 924 3206 oonsule
940 3140 1016 3204 anui
1034 3142 1099 3205 532
1115 3150 1147 3203 et
1162 3138 1206 3205 M.
1218 3139 1304 3205 Mar·

237 3253 323 3319 cello
343 3251 438 3318 aedili
461 3255 537 3319 538.
577 3250 647 3316 llou
667 3250 848 3342 exemplum
867 3251 912 3316 sio
933 3249 1014 3316 solet
1031 3248 1197 3339 explicari,
1217 3249 1304 3339 qnod

240 3365 322 3432 alter
341 3387 378 3431 er
406 3362 552 3429 secundis
579 3363 698 3452 nuptiis
726 3375 818 3429 uatus
838 3363 949 3441 luerit,
983 3383 1065 3452 quae
1089 3360 1170 3426 ratio
1189 3362 1214 3425 si
1234 3385 1306 3429 sera

238 3490 301 3559 est,
333 3477 419 3544 idern
446 3478 480 3542 in
509 3487 617 3543 nostro
646 3475 745 3542 llabio
774 3476 882 3543 locum
913 3474 1060 3543 babuerit
1090 3497 1218 3540 necesse
1248 3488 1304 3543 est.

240 3594 349 3660 Potest
378 3588 509 3681 quidem
540 3590 603 3656 alio
630 3589 727 3656 modo
746 3589 917 3655 difficultas
939 3588 1025 3666 tolli,
1050 3599 1085 3652 ut
1104 3586 1193 3653 rerbi
1214 3610 1307 3655 eausa

240 3726 396 3797 ponamus
416 3702 570 3786 Quintum
588 3716 766 3794 praetorem
784 3715 927 3769 nostrum
946 3714 1055 3768 natum
1073 3724 1139 3768 esse
1156 3724 1193 3767 ex
1212 3703 1308 3769 fratre

243 3817 354 3902 Quinti
373 3815 513 3883 consulis
534 3820 615 3894 541,
638 3815 691 3880 oui
711 3814 869 3881 diversum
891 3814 1002 3881 luisset
1019 3836 1229 3905 praenomen,
1254 3838 1308 3881 re-

242 3952 314 3996 rum
339 3928 415 3995 huia
444 3929 586 4020 opinioni
606 3928 710 3993 obstat
734 3940 860 3994 senatus
881 3928 1064 3993 consultum
1086 3940 1098 3978 t
1124 3929 1200 3993 anni
1227 3930 1308 4006 515,

241 4067 279 4110 ex
307 4065 372 4134 quo
401 4043 487 4109 lilius
516 4043 670 4108 maximus
692 4052 770 4106 natu
798 4040 893 4131 patris
921 4040 1127 4132 praenomine
1151 4052 1307 4117 uteretur,

243 4156 333 4258 atqui
349 4167 477 4247 praetor
493 4167 601 4223 noster
619 4156 724 4222 minor
742 4165 818 4221 natu
837 4154 962 4232 fuisset,
990 4154 1079 4219 ouius
1095 4153 1200 4221 fratris
1218 4177 1309 4221 ruen-

245 4270 291 4334 tio
314 4267 430 4334 nullibi
453 4281 534 4335 esset
552 4268 646 4337 lacta.

149 4428 153 4437 '
275 4432 295 4495 1)
312 4434 439 4495 Briiclrer,
458 4437 517 4485 alt.
570 4429 591 4499 2)
612 4430 695 4485 Geselt.
709 4432 800 4495 Roma,
818 4434 897 4484 Mure.
912 4434 961 4485 ΝΟ.
977 4440 993 4485 4
1007 4439 1073 4500 alb,
1091 4439 1141 4487 bel
1155 4437 1178 4498 7,
1197 4439 1213 4484 9
1232 4441 1257 4486 et
1274 4440 1315 4485 21.

237 4513 259 4585 3)
278 4518 334 4571 Tui·
353 4518 476 4574 xxvm
493 4519 526 4572 ati
543 4519 591 4573 ΝΟ.
610 4524 634 4569 3.
688 4517 708 4586 1)
726 4519 776 4572 Dio
793 4518 861 4573 uass.
881 4518 911 4569 ir.
931 4525 972 4570 44.
