3212 5294
661 270 674 299 Ι

534 477 709 533 arraudum
731 488 889 532 ruurtruu.
1196 473 1253 534 185

184 669 285 735 tiones
316 668 349 733 iu
380 667 506 733 brevius
535 665 781 747 contrahantur,
815 689 888 732 nam
918 664 1017 731 dubio
1045 688 1109 732 non
1138 680 1250 733 vacant

185 783 284 874 spatia
301 781 359 846 ista
378 780 546 859 diuturna,
569 803 627 871 per
646 802 729 871 quae
751 802 838 869 reges
858 779 906 844 illi
926 779 1060 869 imperio
1079 779 1127 845 usi
1141 780 1250 845 lerun-

184 909 251 975 tur;
283 894 389 960 Annus
419 894 504 959 enim
532 895 576 958 28
602 915 701 958 anuos
721 914 866 982 regnasse
886 891 1001 970 Iertur,
1025 892 1099 958 satis
1122 892 1194 971 diu,
1218 905 1250 958 at

187 1008 376 1099 Tarquinius
395 1008 518 1074 Priscus
538 1029 596 1099 per
615 1017 689 1072 ooto
709 1029 807 1072 anuos
826 1005 916 1097 plus,
941 1009 984 1072 36
1004 1028 1134 1098 nempe,
1157 1005 1251 1071 deni-

186 1143 248 1210 que
276 1120 404 1187 Servius
431 1121 547 1188 iterum
570 1143 628 1211 per
648 1130 720 1186 outo
741 1142 841 1185 annos
859 1118 948 1210 plus,
977 1122 1017 1183 tt
1038 1141 1171 1208 nempe,
1194 1119 1251 1209 qui

184 1255 336 1299 uumerus
354 1246 386 1299 et
399 1245 545 1300 constans
566 1233 655 1323 regui
673 1244 879 1324 augmentum
894 1233 1105 1323 suspicionem
1122 1245 1252 1298 movent

185 1367 239 1410 eos
258 1367 325 1411 esse
336 1358 427 1412 natos
448 1345 488 1411 ad
509 1367 665 1411 annorum
678 1345 816 1436 spatium
831 1343 1074 1435 complendum,
1088 1367 1145 1434 per
1163 1344 1251 1434 quod

185 1458 307 1524 Romae
336 1470 503 1547 regnatum
532 1481 600 1525 esse
628 1457 712 1524 lama
740 1470 816 1524 erat.
866 1457 953 1542 Quae
977 1480 1076 1547 quum
1101 1457 1252 1548 equidem

187 1569 394 1650 crediderim,
415 1571 587 1637 Fabianam
606 1570 722 1637 lamam
742 1568 911 1637 defendam
933 1569 1009 1635 iude
1032 1571 1185 1661 sequitur.

182 1794 236 1864 N⁰.
273 1792 391 1862 XXIII.
436 1800 554 1862 Τοῦτον
569 1796 621 1862 τὸν
636 1794 732 1877 ἄνδρα
748 1794 799 1884 (L.
811 1794 1020 1886 Tarquinium
1040 1791 1250 1885 Collatinum)

278 1909 396 1989 Φάβιος
420 1908 478 1987 μὲν
505 1905 671 1974 allucinari
692 1913 789 1990 Φκσνν
815 1907 957 1990 Ἠγερίου
976 1907 1044 1989 περὶ
1068 1902 1103 1972 οὗ
1123 1908 1254 1984 δεδήλω-

277 2044 319 2085 κα
337 2020 497 2102 πρότερον,
523 2016 569 2085 ὅτι
588 2019 760 2102 Ταρκυνίου
776 2024 830 2085 τοῦ
845 2018 987 2100 πρότερον
1001 2019 1253 2097 βασιλεύσαντος

277 2129 437 2211 Ῥωμαίων
457 2132 599 2214 ἀδελφοῦ
625 2140 703 2205 παῖς
726 2126 777 2206 ἦν,
803 2132 864 2210 ἕνα·
885 2131 916 2195 δὲ
942 2131 995 2195 καὶ
1020 2136 1127 2195 τοῦτον
1152 2132 1254 2197 υἱωνὸν

277 2241 355 2310 εἶναι
373 2247 428 2309 τοῦ
449 2244 591 2325 Ἠγερίου
613 2241 777 2322 πείθομαι,
800 2241 829 2307 ei
846 2267 885 2322 ys
900 2241 957 2316 τὴν
977 2242 1075 2316 αὐτὴν
1095 2238 1165 2322 εἶχε
1188 2251 1254 2315 ταῖς

278 2354 449 2438 Ταρκυνίου
474 2354 584 2420 παισὶν
614 2354 756 2439 ἡλικίαν,
778 2355 817 2427 ὥς
844 2352 964 2432 Φάβιός
989 2378 1025 2418 τε
1052 2354 1105 2418 καὶ
1129 2355 1155 2419 oi
1177 2369 1256 2420 παλ·

277 2469 324 2534 λαὶ
347 2472 549 2550 συγγραφεῖς
573 2465 827 2547 παραδεδώκασιν
852 2477 876 2530 1.

234 2579 352 2649 Eadem
374 2576 517 2668 quaestio
537 2576 589 2641 bio
604 2572 708 2664 agitur
719 2597 813 2665 quarn
831 2574 1136 2665 praecedentilooo,
1157 2600 1253 2668 quem

189 2718 245 2762 nur
274 2690 411 2759 Rothius
436 2688 512 2755 buiu
530 2687 759 2779 postposuerit,
783 2710 847 2752 uon
868 2687 970 2753 rideo.
1026 2687 1118 2772 Quod
1147 2703 1253 2757 autern

190 2808 307 2875 Fabius
335 2817 367 2869 et
393 2826 429 2868 er
452 2824 491 2868 eo
511 2802 609 2867 ueteri
629 2799 847 2880 tradiderunt,
871 2801 1067 2868 verissimum
1088 2826 1173 2883 esse,
1196 2827 1255 2894 ego

189 2920 274 2987 band
305 2917 488 2995 abnuerim,
524 2914 674 3005 ligerium
702 2914 773 2980 rolo
803 2915 971 3005 aequalem
997 2915 1162 3007 TarquInii
1193 2916 1255 2983 Su·

188 3034 280 3125 perbi
307 3031 399 3109 filiis3
434 3027 623 3119 Tarquinius
651 3024 827 3093 secundum
853 3028 1013 3117 vulgarem
1043 3028 1160 3094 famam
1181 3054 1255 3096 arus

189 3148 249 3213 luit
285 3143 424 3235 Superbi
451 3141 541 3219 filiis,
574 3141 707 3231 eiusque
742 3140 840 3206 frater
872 3163 947 3206 arus
981 3140 1042 3206 fuit
1064 3141 1255 3233 Tarquiuio,

189 3259 306 3350 Egerio
337 3266 443 3346 pater3
475 3252 530 3319 ubi
558 3276 633 3342 ergo
663 3252 866 3319 inserendum
890 3266 939 3318 est
958 3275 1057 3342 genus
1080 3277 1143 3319 nno
1164 3255 1256 3335 loco,

190 3372 291 3439 altero
319 3368 404 3434 idem
433 3366 529 3432 Iaeias
552 3388 679 3431 necesse
700 3377 763 3444 est,
788 3366 884 3431 etsie
906 3364 962 3429 ubi
983 3365 1151 3454 Dionysius
1172 3368 1257 3435 inter

189 3484 270 3550 duos
291 3481 479 3571 Tarquinios
498 3501 597 3569 genus
616 3478 767 3557 inseruit,
791 3478 878 3544 idem
896 3478 993 3544 laniat
1010 3479 1094 3544 inter
1106 3480 1255 3569 ligerium

190 3597 367 3687 liliumque.
414 3593 523 3658 Potior
545 3614 619 3657 rero
640 3591 732 3657 Ilabii
753 3590 890 3656 narratio
911 3590 1036 3656 ridetur
1055 3615 1151 3682 qnam
1173 3593 1254 3659 illud

191 3709 337 3798 Dionysii
356 3729 510 3773 conamen
531 3706 563 3771 in
586 3727 620 3770 re
640 3703 763 3769 lubrica
784 3702 900 3769 frustra
920 3703 1027 3770 lueem
1048 3704 1220 3773 afferentis.

191 3932 244 4001 N0.
279 3932 397 4000 XXIV.
443 3935 481 3998 In
510 3928 669 4020 Capitolio
700 3929 770 4020 quis
791 3940 838 3994 est
858 3928 1024 3995 hominum
1056 3931 1112 4020 qui
1132 3931 1255 4021 ignoret

283 4046 336 4113 (lli
367 4069 433 4113 esso
462 4043 667 4136 sepulchrum
689 4042 904 4109 l'uloentanil
946 4041 1038 4129 Quod
1070 4044 1095 4109 si
1123 4044 1257 4135 planum

284 4160 360 4239 fieri,
382 4157 572 4224 testimoniis
599 4156 767 4246 postulatis
802 4168 988 4236 auctorum,
1021 4154 1256 4236 Sammonicus,

284 4272 433 4353 Grauius,
452 4270 638 4337 Valerianus
657 4269 746 4338 robis
762 4280 795 4333 et
813 4269 931 4336 Fabius
946 4269 1152 4351 indicabunt,
1166 4271 1256 4337 ouius

224 4519 244 4589 ¹)
259 4524 335 4577 Dion.
352 4523 413 4575 Hal.
431 4524 480 4577 IV.
500 4526 541 4572 ot.
