<?xml version="1.0" encoding="UTF-8"?>
<!DOCTYPE html PUBLIC "-//W3C//DTD XHTML 1.0 Transitional//EN"
    "http://www.w3.org/TR/xhtml1/DTD/xhtml1-transitional.dtd">
<html xmlns="http://www.w3.org/1999/xhtml" xml:lang="en" lang="en">
 <head>
  <title>
</title>
<meta http-equiv="Content-Type" content="text/html;charset=utf-8" />
  <meta name='ocr-system' content='tesseract 3.04.00' />
  <meta name='ocr-capabilities' content='ocr_page ocr_carea ocr_par ocr_line ocrx_word'/>
</head>
<body>
  <div class='ocr_page' id='page_1' title='image "./disputatiodegen00servgoog_0017.png"; bbox 0 0 3194 5302; ppageno 0'>
   <div class='ocr_carea' id='block_1_1' title="bbox 323 490 1095 549">
    <p class='ocr_par' dir='ltr' id='par_1_1' title="bbox 323 490 1095 549">
     <span class='ocr_line' id='line_1_1' title="bbox 323 490 1095 549; baseline -0.006 0"><span class='ocrx_word' id='word_1_1' title='bbox 323 490 342 549; x_wconf 88' lang='lat'>2</span> <span class='ocrx_word' id='word_1_2' title='bbox 455 536 460 549; x_wconf 63' lang='lat'><em>„</em></span> <span class='ocrx_word' id='word_1_3' title='bbox 630 499 802 545; x_wconf 85' lang='lat' dir='ltr'><strong>sonrrronas</strong></span> <span class='ocrx_word' id='word_1_4' title='bbox 824 500 861 543; x_wconf 85' lang='lat' dir='ltr'><strong>oa</strong></span> <span class='ocrx_word' id='word_1_5' title='bbox 881 499 977 543; x_wconf 81' lang='lat' dir='ltr'><strong>oanan</strong></span> <span class='ocrx_word' id='word_1_6' title='bbox 998 501 1095 544; x_wconf 78' lang='lat' dir='ltr'><strong>rausa.</strong></span> 
     </span>
    </p>
   </div>
   <div class='ocr_carea' id='block_1_2' title="bbox 235 678 1489 4618">
    <p class='ocr_par' dir='ltr' id='par_1_2' title="bbox 235 678 1489 3148">
     <span class='ocr_line' id='line_1_2' title="bbox 332 678 1394 772; baseline 0.002 -25"><span class='ocrx_word' id='word_1_7' title='bbox 332 681 447 747; x_wconf 89' lang='lat' dir='ltr'><strong>horum</strong></span> <span class='ocrx_word' id='word_1_8' title='bbox 476 679 611 770; x_wconf 89' lang='lat' dir='ltr'><strong>posteri;</strong></span> <span class='ocrx_word' id='word_1_9' title='bbox 645 691 712 745; x_wconf 88' lang='lat' dir='ltr'><strong>turn</strong></span> <span class='ocrx_word' id='word_1_10' title='bbox 744 701 853 744; x_wconf 90' lang='lat' dir='ltr'><strong>omnes</strong></span> <span class='ocrx_word' id='word_1_11' title='bbox 879 679 955 744; x_wconf 91' lang='lat' dir='ltr'><strong>istos</strong></span> <span class='ocrx_word' id='word_1_12' title='bbox 985 678 1050 743; x_wconf 94' lang='lat' dir='ltr'><strong>alto</strong></span> <span class='ocrx_word' id='word_1_13' title='bbox 1081 678 1207 746; x_wconf 88' lang='lat' dir='ltr'><strong>silentio</strong></span> <span class='ocrx_word' id='word_1_14' title='bbox 1233 703 1394 772; x_wconf 80' lang='lat' dir='ltr'><strong>premam,</strong></span> 
     </span>
     <span class='ocr_line' id='line_1_3' title="bbox 332 790 1395 886; baseline 0.003 -27"><span class='ocrx_word' id='word_1_15' title='bbox 332 815 470 885; x_wconf 90' lang='lat' dir='ltr'><strong>quorum</strong></span> <span class='ocrx_word' id='word_1_16' title='bbox 500 792 630 858; x_wconf 89' lang='lat' dir='ltr'><strong>nonnisi</strong></span> <span class='ocrx_word' id='word_1_17' title='bbox 656 792 787 856; x_wconf 87' lang='lat' dir='ltr'><strong>nomina</strong></span> <span class='ocrx_word' id='word_1_18' title='bbox 806 791 838 856; x_wconf 94' lang='lat' dir='ltr'><strong>in</strong></span> <span class='ocrx_word' id='word_1_19' title='bbox 861 791 1013 856; x_wconf 76' lang='lat' dir='ltr'><strong>sexcentis</strong></span> <span class='ocrx_word' id='word_1_20' title='bbox 1033 790 1154 858; x_wconf 90' lang='lat' dir='ltr'><strong>Latinis</strong></span> <span class='ocrx_word' id='word_1_21' title='bbox 1174 795 1395 886; x_wconf 84' lang='lat' dir='ltr'><strong>inscriptioni·</strong></span> 
     </span>
     <span class='ocr_line' id='line_1_4' title="bbox 332 904 1395 996; baseline 0.002 -24"><span class='ocrx_word' id='word_1_22' title='bbox 332 908 391 973; x_wconf 90' lang='lat' dir='ltr'><strong>bus</strong></span> <span class='ocrx_word' id='word_1_23' title='bbox 407 907 573 996; x_wconf 90' lang='lat' dir='ltr'><strong>leguntur,</strong></span> <span class='ocrx_word' id='word_1_24' title='bbox 589 904 675 995; x_wconf 89' lang='lat' dir='ltr'><strong>apud</strong></span> <span class='ocrx_word' id='word_1_25' title='bbox 693 904 880 983; x_wconf 81' lang='lat' dir='ltr'><strong>Grtiterum,</strong></span> <span class='ocrx_word' id='word_1_26' title='bbox 896 904 1120 983; x_wconf 71' lang='lat' dir='ltr'><strong>Memorium,</strong></span> <span class='ocrx_word' id='word_1_27' title='bbox 1136 907 1395 988; x_wconf 83' lang='lat' dir='ltr'><strong>Mommsenium,</strong></span> 
     </span>
     <span class='ocr_line' id='line_1_5' title="bbox 331 1017 1395 1112; baseline 0.001 -25"><span class='ocrx_word' id='word_1_28' title='bbox 331 1034 469 1099; x_wconf 88' lang='lat' dir='ltr'><strong>ceteros,</strong></span> <span class='ocrx_word' id='word_1_29' title='bbox 492 1019 614 1110; x_wconf 91' lang='lat' dir='ltr'><strong>quassi</strong></span> <span class='ocrx_word' id='word_1_30' title='bbox 635 1018 807 1097; x_wconf 87' lang='lat' dir='ltr'><strong>erolreris,</strong></span> <span class='ocrx_word' id='word_1_31' title='bbox 826 1028 945 1083; x_wconf 88' lang='lat' dir='ltr'><strong>tautam</strong></span> <span class='ocrx_word' id='word_1_32' title='bbox 964 1017 1152 1106; x_wconf 86' lang='lat' dir='ltr'><strong>farraginem</strong></span> <span class='ocrx_word' id='word_1_33' title='bbox 1173 1042 1239 1085; x_wconf 85' lang='lat' dir='ltr'><strong>esse</strong></span> <span class='ocrx_word' id='word_1_34' title='bbox 1260 1045 1395 1112; x_wconf 91' lang='lat' dir='ltr'><strong>appare-</strong></span> 
     </span>
     <span class='ocr_line' id='line_1_6' title="bbox 330 1129 1396 1224; baseline 0.001 -24"><span class='ocrx_word' id='word_1_35' title='bbox 330 1135 395 1213; x_wconf 88' lang='lat' dir='ltr'><strong>bit,</strong></span> <span class='ocrx_word' id='word_1_36' title='bbox 410 1146 446 1198; x_wconf 92' lang='lat' dir='ltr'><strong>ut</strong></span> <span class='ocrx_word' id='word_1_37' title='bbox 465 1134 515 1200; x_wconf 83' lang='lat' dir='ltr'><strong>ael</strong></span> <span class='ocrx_word' id='word_1_38' title='bbox 534 1155 660 1222; x_wconf 90' lang='lat' dir='ltr'><strong>operam</strong></span> <span class='ocrx_word' id='word_1_39' title='bbox 676 1129 865 1221; x_wconf 85' lang='lat' dir='ltr'><strong>perdideris,</strong></span> <span class='ocrx_word' id='word_1_40' title='bbox 885 1130 910 1194; x_wconf 91' lang='lat' dir='ltr'><strong>si</strong></span> <span class='ocrx_word' id='word_1_41' title='bbox 926 1129 1059 1196; x_wconf 90' lang='lat' dir='ltr'><strong>istorum</strong></span> <span class='ocrx_word' id='word_1_42' title='bbox 1074 1130 1210 1196; x_wconf 81' lang='lat' dir='ltr'><strong>familias</strong></span> <span class='ocrx_word' id='word_1_43' title='bbox 1228 1131 1396 1224; x_wconf 87' lang='lat' dir='ltr'><strong>disponere</strong></span> 
     </span>
     <span class='ocr_line' id='line_1_7' title="bbox 331 1243 1396 1338; baseline -0.001 -23"><span class='ocrx_word' id='word_1_44' title='bbox 331 1247 514 1338; x_wconf 87' lang='lat' dir='ltr'><strong>susceperis.</strong></span> <span class='ocrx_word' id='word_1_45' title='bbox 546 1244 694 1335; x_wconf 87' lang='lat' dir='ltr'><strong>Denique</strong></span> <span class='ocrx_word' id='word_1_46' title='bbox 715 1244 746 1309; x_wconf 94' lang='lat' dir='ltr'><strong>in</strong></span> <span class='ocrx_word' id='word_1_47' title='bbox 768 1255 873 1309; x_wconf 89' lang='lat' dir='ltr'><strong>aetate</strong></span> <span class='ocrx_word' id='word_1_48' title='bbox 889 1243 1092 1332; x_wconf 89' lang='lat' dir='ltr'><strong>imperatoria</strong></span> <span class='ocrx_word' id='word_1_49' title='bbox 1110 1243 1294 1325; x_wconf 91' lang='lat' dir='ltr'><strong>subsistam,</strong></span> <span class='ocrx_word' id='word_1_50' title='bbox 1313 1271 1396 1338; x_wconf 90' lang='lat' dir='ltr'><strong>quo-</strong></span> 
     </span>
     <span class='ocr_line' id='line_1_8' title="bbox 329 1356 1397 1451; baseline 0 -24"><span class='ocrx_word' id='word_1_51' title='bbox 329 1362 416 1427; x_wconf 90' lang='lat' dir='ltr'><strong>niam</strong></span> <span class='ocrx_word' id='word_1_52' title='bbox 438 1359 491 1425; x_wconf 91' lang='lat' dir='ltr'><strong>hio</strong></span> <span class='ocrx_word' id='word_1_53' title='bbox 512 1359 574 1424; x_wconf 93' lang='lat' dir='ltr'><strong>iarn</strong></span> <span class='ocrx_word' id='word_1_54' title='bbox 595 1356 704 1424; x_wconf 88' lang='lat' dir='ltr'><strong>delicit</strong></span> <span class='ocrx_word' id='word_1_55' title='bbox 725 1356 898 1423; x_wconf 82' lang='lat' dir='ltr'><strong>Fabiorum</strong></span> <span class='ocrx_word' id='word_1_56' title='bbox 916 1369 1000 1422; x_wconf 88' lang='lat' dir='ltr'><strong>certa</strong></span> <span class='ocrx_word' id='word_1_57' title='bbox 1014 1357 1214 1447; x_wconf 85' lang='lat' dir='ltr'><strong>genealogia3</strong></span> <span class='ocrx_word' id='word_1_58' title='bbox 1234 1380 1299 1424; x_wconf 94' lang='lat' dir='ltr'><strong>non</strong></span> <span class='ocrx_word' id='word_1_59' title='bbox 1310 1361 1397 1451; x_wconf 89' lang='lat' dir='ltr'><strong>quod</strong></span> 
     </span>
     <span class='ocr_line' id='line_1_9' title="bbox 331 1470 1397 1566; baseline 0.001 -27"><span class='ocrx_word' id='word_1_60' title='bbox 331 1497 407 1566; x_wconf 90' lang='lat' dir='ltr'><strong>gens</strong></span> <span class='ocrx_word' id='word_1_61' title='bbox 437 1474 648 1538; x_wconf 76' lang='lat' dir='ltr'><strong>intermortua</strong></span> <span class='ocrx_word' id='word_1_62' title='bbox 677 1472 735 1549; x_wconf 88' lang='lat' dir='ltr'><strong>sit,</strong></span> <span class='ocrx_word' id='word_1_63' title='bbox 761 1493 834 1535; x_wconf 87' lang='lat' dir='ltr'><strong>narn</strong></span> <span class='ocrx_word' id='word_1_64' title='bbox 857 1493 915 1560; x_wconf 92' lang='lat' dir='ltr'><strong>per</strong></span> <span class='ocrx_word' id='word_1_65' title='bbox 937 1470 1044 1535; x_wconf 90' lang='lat' dir='ltr'><strong>omnia</strong></span> <span class='ocrx_word' id='word_1_66' title='bbox 1064 1471 1191 1536; x_wconf 89' lang='lat' dir='ltr'><strong>saecula</strong></span> <span class='ocrx_word' id='word_1_67' title='bbox 1211 1473 1397 1561; x_wconf 91' lang='lat' dir='ltr'><strong>perdurasse</strong></span> 
     </span>
     <span class='ocr_line' id='line_1_10' title="bbox 334 1583 1398 1678; baseline 0 -25"><span class='ocrx_word' id='word_1_68' title='bbox 334 1588 491 1666; x_wconf 85' lang='lat' dir='ltr'><strong>creditur,</strong></span> <span class='ocrx_word' id='word_1_69' title='bbox 517 1588 583 1652; x_wconf 91' lang='lat' dir='ltr'><strong>imo</strong></span> <span class='ocrx_word' id='word_1_70' title='bbox 612 1584 652 1650; x_wconf 90' lang='lat' dir='ltr'><strong>ad</strong></span> <span class='ocrx_word' id='word_1_71' title='bbox 681 1596 787 1650; x_wconf 89' lang='lat' dir='ltr'><strong>nostra</strong></span> <span class='ocrx_word' id='word_1_72' title='bbox 815 1596 974 1674; x_wconf 86' lang='lat' dir='ltr'><strong>tempora,</strong></span> <span class='ocrx_word' id='word_1_73' title='bbox 1002 1584 1027 1648; x_wconf 93' lang='lat' dir='ltr'><strong>si</strong></span> <span class='ocrx_word' id='word_1_74' title='bbox 1046 1583 1176 1675; x_wconf 90' lang='lat' dir='ltr'><strong>quidem</strong></span> <span class='ocrx_word' id='word_1_75' title='bbox 1200 1586 1300 1652; x_wconf 87' lang='lat' dir='ltr'><strong>Italici</strong></span> <span class='ocrx_word' id='word_1_76' title='bbox 1324 1589 1398 1678; x_wconf 89' lang='lat' dir='ltr'><strong>qui·</strong></span> 
     </span>
     <span class='ocr_line' id='line_1_11' title="bbox 332 1695 1399 1788; baseline 0.001 -22"><span class='ocrx_word' id='word_1_77' title='bbox 332 1699 406 1766; x_wconf 90' lang='lat' dir='ltr'><strong>darn</strong></span> <span class='ocrx_word' id='word_1_78' title='bbox 427 1699 478 1765; x_wconf 85' lang='lat' dir='ltr'><strong>rel</strong></span> <span class='ocrx_word' id='word_1_79' title='bbox 497 1721 583 1765; x_wconf 91' lang='lat' dir='ltr'><strong>nuno</strong></span> <span class='ocrx_word' id='word_1_80' title='bbox 604 1699 782 1788; x_wconf 89' lang='lat' dir='ltr'><strong>gloriantur</strong></span> <span class='ocrx_word' id='word_1_81' title='bbox 799 1720 837 1762; x_wconf 85' lang='lat' dir='ltr'><strong>er</strong></span> <span class='ocrx_word' id='word_1_82' title='bbox 858 1696 964 1762; x_wconf 82' lang='lat' dir='ltr'><strong>Fabiis</strong></span> <span class='ocrx_word' id='word_1_83' title='bbox 982 1695 1127 1763; x_wconf 80' lang='lat' dir='ltr'><strong>Maximis</strong></span> <span class='ocrx_word' id='word_1_84' title='bbox 1143 1711 1230 1764; x_wconf 87' lang='lat' dir='ltr'><strong>recta</strong></span> <span class='ocrx_word' id='word_1_85' title='bbox 1247 1699 1346 1780; x_wconf 89' lang='lat' dir='ltr'><strong>linea,</strong></span> <span class='ocrx_word' id='word_1_86' title='bbox 1363 1715 1399 1767; x_wconf 92' lang='lat' dir='ltr'><strong>ut</strong></span> 
     </span>
     <span class='ocr_line' id='line_1_12' title="bbox 331 1809 1398 1900; baseline 0.002 -21"><span class='ocrx_word' id='word_1_87' title='bbox 331 1814 398 1879; x_wconf 89' lang='lat' dir='ltr'><strong>istis</strong></span> <span class='ocrx_word' id='word_1_88' title='bbox 418 1811 545 1879; x_wconf 79' lang='lat' dir='ltr'><strong>ridetur</strong></span> <span class='ocrx_word' id='word_1_89' title='bbox 563 1812 704 1891; x_wconf 91' lang='lat' dir='ltr'><strong>scilicet,</strong></span> <span class='ocrx_word' id='word_1_90' title='bbox 727 1832 759 1876; x_wconf 89' lang='lat' dir='ltr'><strong>se</strong></span> <span class='ocrx_word' id='word_1_91' title='bbox 779 1831 863 1875; x_wconf 90' lang='lat' dir='ltr'><strong>seros</strong></span> <span class='ocrx_word' id='word_1_92' title='bbox 883 1820 1015 1900; x_wconf 87' lang='lat' dir='ltr'><strong>nepotes</strong></span> <span class='ocrx_word' id='word_1_93' title='bbox 1036 1809 1247 1879; x_wconf 83' lang='lat' dir='ltr'><strong>descendisse.</strong></span> <span class='ocrx_word' id='word_1_94' title='bbox 1282 1817 1398 1881; x_wconf 86' lang='lat' dir='ltr'><strong>Verum</strong></span> 
     </span>
     <span class='ocr_line' id='line_1_13' title="bbox 331 1921 1400 2015; baseline -0.001 -21"><span class='ocrx_word' id='word_1_95' title='bbox 331 1928 372 1994; x_wconf 90' lang='lat' dir='ltr'><strong>de</strong></span> <span class='ocrx_word' id='word_1_96' title='bbox 404 1925 454 1992; x_wconf 91' lang='lat' dir='ltr'><strong>his</strong></span> <span class='ocrx_word' id='word_1_97' title='bbox 481 1925 565 1991; x_wconf 89' lang='lat' dir='ltr'><strong>idern</strong></span> <span class='ocrx_word' id='word_1_98' title='bbox 598 1926 720 2003; x_wconf 81' lang='lat' dir='ltr'><strong>valeat,</strong></span> <span class='ocrx_word' id='word_1_99' title='bbox 753 1921 840 2015; x_wconf 91' lang='lat' dir='ltr'><strong>quod</strong></span> <span class='ocrx_word' id='word_1_100' title='bbox 869 1921 909 1987; x_wconf 89' lang='lat' dir='ltr'><strong>de</strong></span> <span class='ocrx_word' id='word_1_101' title='bbox 939 1922 1050 2011; x_wconf 85' lang='lat' dir='ltr'><strong>priscis</strong></span> <span class='ocrx_word' id='word_1_102' title='bbox 1073 1923 1180 1989; x_wconf 80' lang='lat' dir='ltr'><strong>Fabiis</strong></span> <span class='ocrx_word' id='word_1_103' title='bbox 1201 1924 1400 2008; x_wconf 79' lang='lat' dir='ltr'><strong>ridebimus,</strong></span> 
     </span>
     <span class='ocr_line' id='line_1_14' title="bbox 334 2034 1489 2133; baseline 0.002 -28"><span class='ocrx_word' id='word_1_104' title='bbox 334 2041 391 2133; x_wconf 91' lang='lat' dir='ltr'><strong>qui</strong></span> <span class='ocrx_word' id='word_1_105' title='bbox 419 2061 456 2104; x_wconf 82' lang='lat' dir='ltr'><strong>er</strong></span> <span class='ocrx_word' id='word_1_106' title='bbox 487 2038 643 2117; x_wconf 88' lang='lat' dir='ltr'><strong>Hercule,</strong></span> <span class='ocrx_word' id='word_1_107' title='bbox 668 2037 745 2102; x_wconf 91' lang='lat' dir='ltr'><strong>dum</strong></span> <span class='ocrx_word' id='word_1_108' title='bbox 769 2035 914 2100; x_wconf 87' lang='lat' dir='ltr'><strong>interris</strong></span> <span class='ocrx_word' id='word_1_109' title='bbox 937 2035 1089 2125; x_wconf 77' lang='lat' dir='ltr'><strong>degebat,</strong></span> <span class='ocrx_word' id='word_1_110' title='bbox 1114 2038 1218 2127; x_wconf 85' lang='lat' dir='ltr'><strong>gentis</strong></span> <span class='ocrx_word' id='word_1_111' title='bbox 1238 2052 1400 2108; x_wconf 87' lang='lat' dir='ltr'><strong>auctorem</strong></span> <span class='ocrx_word' id='word_1_112' title='bbox 1483 2034 1489 2041; x_wconf 77' lang='grc'><strong>’</strong></span> 
     </span>
     <span class='ocr_line' id='line_1_15' title="bbox 333 2148 1401 2244; baseline -0.001 -23"><span class='ocrx_word' id='word_1_113' title='bbox 333 2166 447 2221; x_wconf 90' lang='lat' dir='ltr'><strong>natum</strong></span> <span class='ocrx_word' id='word_1_114' title='bbox 477 2151 699 2244; x_wconf 88' lang='lat' dir='ltr'><strong>perhibebant.</strong></span> <span class='ocrx_word' id='word_1_115' title='bbox 748 2149 865 2217; x_wconf 88' lang='lat' dir='ltr'><strong>Omnes</strong></span> <span class='ocrx_word' id='word_1_116' title='bbox 893 2148 987 2227; x_wconf 89' lang='lat' dir='ltr'><strong>istos,</strong></span> <span class='ocrx_word' id='word_1_117' title='bbox 1013 2149 1068 2238; x_wconf 92' lang='lat' dir='ltr'><strong>qui</strong></span> <span class='ocrx_word' id='word_1_118' title='bbox 1088 2170 1153 2215; x_wconf 92' lang='lat' dir='ltr'><strong>non</strong></span> <span class='ocrx_word' id='word_1_119' title='bbox 1174 2162 1278 2218; x_wconf 86' lang='lat' dir='ltr'><strong>aetate</strong></span> <span class='ocrx_word' id='word_1_120' title='bbox 1300 2151 1401 2220; x_wconf 88' lang='lat' dir='ltr'><strong>histo·</strong></span> 
     </span>
     <span class='ocr_line' id='line_1_16' title="bbox 235 2263 1401 2355; baseline -0.005 -19"><span class='ocrx_word' id='word_1_121' title='bbox 235 2322 240 2336; x_wconf 92' lang='lat'>.</span> <span class='ocrx_word' id='word_1_122' title='bbox 333 2268 399 2334; x_wconf 89' lang='lat' dir='ltr'><strong>rica</strong></span> <span class='ocrx_word' id='word_1_123' title='bbox 423 2266 583 2345; x_wconf 83' lang='lat' dir='ltr'><strong>aixerunt,</strong></span> <span class='ocrx_word' id='word_1_124' title='bbox 606 2265 716 2331; x_wconf 89' lang='lat' dir='ltr'><strong>missos</strong></span> <span class='ocrx_word' id='word_1_125' title='bbox 740 2263 876 2343; x_wconf 83' lang='lat' dir='ltr'><strong>faciam,</strong></span> <span class='ocrx_word' id='word_1_126' title='bbox 896 2272 928 2327; x_wconf 87' lang='lat' dir='ltr'><strong>et</strong></span> <span class='ocrx_word' id='word_1_127' title='bbox 949 2284 986 2326; x_wconf 88' lang='lat' dir='ltr'><strong>ea</strong></span> <span class='ocrx_word' id='word_1_128' title='bbox 1006 2273 1148 2340; x_wconf 88' lang='lat' dir='ltr'><strong>tanturn,</strong></span> <span class='ocrx_word' id='word_1_129' title='bbox 1173 2284 1255 2352; x_wconf 89' lang='lat' dir='ltr'><strong>quae</strong></span> <span class='ocrx_word' id='word_1_130' title='bbox 1271 2265 1310 2330; x_wconf 92' lang='lat' dir='ltr'><strong>ad</strong></span> <span class='ocrx_word' id='word_1_131' title='bbox 1323 2286 1401 2355; x_wconf 88' lang='lat' dir='ltr'><strong>gen·</strong></span> 
     </span>
     <span class='ocr_line' id='line_1_17' title="bbox 334 2374 1401 2470; baseline 0 -24"><span class='ocrx_word' id='word_1_132' title='bbox 334 2382 374 2448; x_wconf 89' lang='lat' dir='ltr'><strong>tis</strong></span> <span class='ocrx_word' id='word_1_133' title='bbox 403 2388 530 2446; x_wconf 87' lang='lat' dir='ltr'><strong>nostrae</strong></span> <span class='ocrx_word' id='word_1_134' title='bbox 559 2378 782 2470; x_wconf 85' lang='lat' dir='ltr'><strong>antiquitatem</strong></span> <span class='ocrx_word' id='word_1_135' title='bbox 814 2386 847 2440; x_wconf 91' lang='lat' dir='ltr'><strong>et</strong></span> <span class='ocrx_word' id='word_1_136' title='bbox 868 2374 1013 2439; x_wconf 89' lang='lat' dir='ltr'><strong>instituta</strong></span> <span class='ocrx_word' id='word_1_137' title='bbox 1036 2375 1215 2465; x_wconf 86' lang='lat' dir='ltr'><strong>pertinent,</strong></span> <span class='ocrx_word' id='word_1_138' title='bbox 1239 2389 1401 2446; x_wconf 87' lang='lat' dir='ltr'><strong>auctorem</strong></span> 
     </span>
     <span class='ocr_line' id='line_1_18' title="bbox 333 2484 1401 2586; baseline -0.004 -24"><span class='ocrx_word' id='word_1_139' title='bbox 333 2496 436 2586; x_wconf 87' lang='lat' dir='ltr'><strong>gentis</strong></span> <span class='ocrx_word' id='word_1_140' title='bbox 456 2493 528 2561; x_wconf 86' lang='lat' dir='ltr'><strong>rolo</strong></span> <span class='ocrx_word' id='word_1_141' title='bbox 547 2503 579 2558; x_wconf 91' lang='lat' dir='ltr'><strong>et</strong></span> <span class='ocrx_word' id='word_1_142' title='bbox 596 2492 658 2557; x_wconf 89' lang='lat' dir='ltr'><strong>alia</strong></span> <span class='ocrx_word' id='word_1_143' title='bbox 675 2490 770 2556; x_wconf 93' lang='lat' dir='ltr'><strong>huius</strong></span> <span class='ocrx_word' id='word_1_144' title='bbox 785 2488 927 2578; x_wconf 90' lang='lat' dir='ltr'><strong>generis,</strong></span> <span class='ocrx_word' id='word_1_145' title='bbox 951 2484 1091 2554; x_wconf 77' lang='lat' dir='ltr'><strong>breviter</strong></span> <span class='ocrx_word' id='word_1_146' title='bbox 1106 2488 1139 2554; x_wconf 90' lang='lat' dir='ltr'><strong>in</strong></span> <span class='ocrx_word' id='word_1_147' title='bbox 1157 2488 1401 2558; x_wconf 80' lang='lat' dir='ltr'><strong>introductione</strong></span> 
     </span>
     <span class='ocr_line' id='line_1_19' title="bbox 332 2598 1401 2700; baseline -0.002 -27"><span class='ocrx_word' id='word_1_148' title='bbox 332 2629 534 2700; x_wconf 88' lang='lat' dir='ltr'><strong>percurram,</strong></span> <span class='ocrx_word' id='word_1_149' title='bbox 557 2617 697 2683; x_wconf 87' lang='lat' dir='ltr'><strong>ceteros,</strong></span> <span class='ocrx_word' id='word_1_150' title='bbox 722 2602 779 2692; x_wconf 89' lang='lat' dir='ltr'><strong>qui</strong></span> <span class='ocrx_word' id='word_1_151' title='bbox 799 2598 838 2666; x_wconf 92' lang='lat' dir='ltr'><strong>ad</strong></span> <span class='ocrx_word' id='word_1_152' title='bbox 859 2601 990 2667; x_wconf 90' lang='lat' dir='ltr'><strong>Fabiam</strong></span> <span class='ocrx_word' id='word_1_153' title='bbox 1010 2615 1136 2692; x_wconf 78' lang='lat' dir='ltr'><strong>gentem</strong></span> <span class='ocrx_word' id='word_1_154' title='bbox 1157 2615 1302 2695; x_wconf 88' lang='lat' dir='ltr'><strong>ternpore</strong></span> <span class='ocrx_word' id='word_1_155' title='bbox 1319 2605 1401 2672; x_wconf 90' lang='lat' dir='ltr'><strong>libe·</strong></span> 
     </span>
     <span class='ocr_line' id='line_1_20' title="bbox 334 2714 1401 2810; baseline -0.002 -25"><span class='ocrx_word' id='word_1_156' title='bbox 334 2742 388 2785; x_wconf 90' lang='lat' dir='ltr'><strong>rae</strong></span> <span class='ocrx_word' id='word_1_157' title='bbox 418 2716 615 2810; x_wconf 87' lang='lat' dir='ltr'><strong>reipublicae</strong></span> <span class='ocrx_word' id='word_1_158' title='bbox 643 2714 881 2806; x_wconf 86' lang='lat' dir='ltr'><strong>pertinuerunt,</strong></span> <span class='ocrx_word' id='word_1_159' title='bbox 916 2734 953 2779; x_wconf 80' lang='lat' dir='ltr'><strong>es</strong></span> <span class='ocrx_word' id='word_1_160' title='bbox 986 2714 1097 2780; x_wconf 87' lang='lat' dir='ltr'><strong>ordine</strong></span> <span class='ocrx_word' id='word_1_161' title='bbox 1126 2714 1343 2808; x_wconf 88' lang='lat' dir='ltr'><strong>descripturus</strong></span> <span class='ocrx_word' id='word_1_162' title='bbox 1368 2719 1401 2783; x_wconf 92' lang='lat' dir='ltr'><strong>in</strong></span> 
     </span>
     <span class='ocr_line' id='line_1_21' title="bbox 334 2824 1402 2919; baseline -0.003 -21"><span class='ocrx_word' id='word_1_163' title='bbox 334 2854 408 2898; x_wconf 88' lang='lat' dir='ltr'><strong>eum</strong></span> <span class='ocrx_word' id='word_1_164' title='bbox 427 2830 580 2909; x_wconf 87' lang='lat' dir='ltr'><strong>modam,</strong></span> <span class='ocrx_word' id='word_1_165' title='bbox 599 2840 635 2894; x_wconf 90' lang='lat' dir='ltr'><strong>ut</strong></span> <span class='ocrx_word' id='word_1_166' title='bbox 655 2827 788 2917; x_wconf 88' lang='lat' dir='ltr'><strong>singulis</strong></span> <span class='ocrx_word' id='word_1_167' title='bbox 804 2825 911 2892; x_wconf 87' lang='lat' dir='ltr'><strong>Fabiis</strong></span> <span class='ocrx_word' id='word_1_168' title='bbox 930 2824 1053 2918; x_wconf 76' lang='lat' dir='ltr'><strong>Caput,</strong></span> <span class='ocrx_word' id='word_1_169' title='bbox 1077 2848 1253 2919; x_wconf 87' lang='lat' dir='ltr'><strong>eorumque</strong></span> <span class='ocrx_word' id='word_1_170' title='bbox 1270 2828 1402 2897; x_wconf 88' lang='lat' dir='ltr'><strong>bonori-</strong></span> 
     </span>
     <span class='ocr_line' id='line_1_22' title="bbox 333 2940 1401 3035; baseline -0.001 -23"><span class='ocrx_word' id='word_1_171' title='bbox 333 2946 393 3012; x_wconf 91' lang='lat' dir='ltr'><strong>bus</strong></span> <span class='ocrx_word' id='word_1_172' title='bbox 410 2942 648 3035; x_wconf 88' lang='lat' dir='ltr'><strong>Paragraphum</strong></span> <span class='ocrx_word' id='word_1_173' title='bbox 670 2941 831 3019; x_wconf 90' lang='lat' dir='ltr'><strong>tribuens,</strong></span> <span class='ocrx_word' id='word_1_174' title='bbox 855 2963 908 3007; x_wconf 87' lang='lat' dir='ltr'><strong>eos</strong></span> <span class='ocrx_word' id='word_1_175' title='bbox 930 2940 987 3031; x_wconf 89' lang='lat' dir='ltr'><strong>qui</strong></span> <span class='ocrx_word' id='word_1_176' title='bbox 1007 2940 1149 3007; x_wconf 88' lang='lat' dir='ltr'><strong>eiusdem</strong></span> <span class='ocrx_word' id='word_1_177' title='bbox 1170 2942 1310 3011; x_wconf 79' lang='lat' dir='ltr'><strong>familiae</strong></span> <span class='ocrx_word' id='word_1_178' title='bbox 1330 2945 1401 3011; x_wconf 85' lang='lat' dir='ltr'><strong>fue-</strong></span> 
     </span>
     <span class='ocr_line' id='line_1_23' title="bbox 330 3053 994 3148; baseline -0.008 -24"><span class='ocrx_word' id='word_1_179' title='bbox 330 3070 426 3139; x_wconf 90' lang='lat' dir='ltr'><strong>runt,</strong></span> <span class='ocrx_word' id='word_1_180' title='bbox 451 3058 485 3123; x_wconf 88' lang='lat' dir='ltr'><strong>in</strong></span> <span class='ocrx_word' id='word_1_181' title='bbox 508 3056 682 3148; x_wconf 81' lang='lat' dir='ltr'><strong>singulares</strong></span> <span class='ocrx_word' id='word_1_182' title='bbox 706 3053 819 3119; x_wconf 89' lang='lat' dir='ltr'><strong>Libros</strong></span> <span class='ocrx_word' id='word_1_183' title='bbox 843 3053 994 3120; x_wconf 87' lang='lat' dir='ltr'><strong>reiiciam.</strong></span> 
     </span>
    </p>

    <p class='ocr_par' dir='ltr' id='par_1_3' title="bbox 332 3166 1402 4278">
     <span class='ocr_line' id='line_1_24' title="bbox 378 3166 1402 3261; baseline -0.001 -24"><span class='ocrx_word' id='word_1_184' title='bbox 378 3170 409 3237; x_wconf 93' lang='lat' dir='ltr'>N</span> <span class='ocrx_word' id='word_1_185' title='bbox 411 3194 452 3237; x_wconf 95' lang='lat' dir='ltr'><strong>on</strong></span> <span class='ocrx_word' id='word_1_186' title='bbox 471 3169 664 3261; x_wconf 89' lang='lat' dir='ltr'><strong>poenitebit,</strong></span> <span class='ocrx_word' id='word_1_187' title='bbox 675 3168 859 3259; x_wconf 90' lang='lat' dir='ltr'><strong>priusquam</strong></span> <span class='ocrx_word' id='word_1_188' title='bbox 875 3167 914 3233; x_wconf 92' lang='lat' dir='ltr'><strong>ad</strong></span> <span class='ocrx_word' id='word_1_189' title='bbox 927 3167 1027 3257; x_wconf 92' lang='lat' dir='ltr'><strong>ipsam</strong></span> <span class='ocrx_word' id='word_1_190' title='bbox 1038 3166 1286 3258; x_wconf 87' lang='lat' dir='ltr'><strong>disputationem</strong></span> <span class='ocrx_word' id='word_1_191' title='bbox 1299 3182 1402 3237; x_wconf 91' lang='lat' dir='ltr'><strong>trans·</strong></span> 
     </span>
     <span class='ocr_line' id='line_1_25' title="bbox 333 3282 1398 3372; baseline -0.003 -21"><span class='ocrx_word' id='word_1_192' title='bbox 333 3307 422 3365; x_wconf 89' lang='lat' dir='ltr'><strong>earn,</strong></span> <span class='ocrx_word' id='word_1_193' title='bbox 455 3283 594 3350; x_wconf 84' lang='lat' dir='ltr'><strong>breviter</strong></span> <span class='ocrx_word' id='word_1_194' title='bbox 621 3303 732 3348; x_wconf 88' lang='lat' dir='ltr'><strong>eorum</strong></span> <span class='ocrx_word' id='word_1_195' title='bbox 762 3304 857 3372; x_wconf 87' lang='lat' dir='ltr'><strong>opera</strong></span> <span class='ocrx_word' id='word_1_196' title='bbox 885 3301 1067 3359; x_wconf 83' lang='lat' dir='ltr'><strong>recensere,</strong></span> <span class='ocrx_word' id='word_1_197' title='bbox 1102 3282 1158 3371; x_wconf 89' lang='lat' dir='ltr'><strong>qai</strong></span> <span class='ocrx_word' id='word_1_198' title='bbox 1186 3294 1259 3347; x_wconf 88' lang='lat' dir='ltr'><strong>ante</strong></span> <span class='ocrx_word' id='word_1_199' title='bbox 1287 3306 1339 3349; x_wconf 89' lang='lat' dir='ltr'><strong>me</strong></span> <span class='ocrx_word' id='word_1_200' title='bbox 1367 3285 1398 3348; x_wconf 93' lang='lat' dir='ltr'><strong>in</strong></span> 
     </span>
     <span class='ocr_line' id='line_1_26' title="bbox 334 3394 1401 3465; baseline -0.002 -1"><span class='ocrx_word' id='word_1_201' title='bbox 334 3397 440 3464; x_wconf 89' lang='lat' dir='ltr'><strong>Fabiis</strong></span> <span class='ocrx_word' id='word_1_202' title='bbox 470 3394 686 3462; x_wconf 86' lang='lat' dir='ltr'><strong>describendis</strong></span> <span class='ocrx_word' id='word_1_203' title='bbox 709 3406 742 3460; x_wconf 90' lang='lat' dir='ltr'><strong>et</strong></span> <span class='ocrx_word' id='word_1_204' title='bbox 766 3394 950 3461; x_wconf 88' lang='lat' dir='ltr'><strong>enarrandis</strong></span> <span class='ocrx_word' id='word_1_205' title='bbox 971 3394 1086 3460; x_wconf 81' lang='lat' dir='ltr'><strong>versati</strong></span> <span class='ocrx_word' id='word_1_206' title='bbox 1107 3407 1191 3461; x_wconf 90' lang='lat' dir='ltr'><strong>sunt.</strong></span> <span class='ocrx_word' id='word_1_207' title='bbox 1237 3396 1292 3465; x_wconf 89' lang='lat' dir='ltr'><strong>Sic</strong></span> <span class='ocrx_word' id='word_1_208' title='bbox 1315 3397 1401 3463; x_wconf 90' lang='lat' dir='ltr'><strong>enim</strong></span> 
     </span>
     <span class='ocr_line' id='line_1_27' title="bbox 332 3505 1402 3599; baseline -0.001 -23"><span class='ocrx_word' id='word_1_209' title='bbox 332 3512 366 3577; x_wconf 91' lang='lat' dir='ltr'><strong>in</strong></span> <span class='ocrx_word' id='word_1_210' title='bbox 384 3521 546 3599; x_wconf 88' lang='lat' dir='ltr'><strong>posterum</strong></span> <span class='ocrx_word' id='word_1_211' title='bbox 566 3507 692 3573; x_wconf 90' lang='lat' dir='ltr'><strong>missam</strong></span> <span class='ocrx_word' id='word_1_212' title='bbox 711 3530 823 3573; x_wconf 90' lang='lat' dir='ltr'><strong>eorum</strong></span> <span class='ocrx_word' id='word_1_213' title='bbox 841 3507 1039 3572; x_wconf 88' lang='lat' dir='ltr'><strong>mentionem</strong></span> <span class='ocrx_word' id='word_1_214' title='bbox 1059 3505 1189 3586; x_wconf 85' lang='lat' dir='ltr'><strong>faciam,</strong></span> <span class='ocrx_word' id='word_1_215' title='bbox 1207 3506 1263 3573; x_wconf 92' lang='lat' dir='ltr'><strong>ubi</strong></span> <span class='ocrx_word' id='word_1_216' title='bbox 1280 3509 1318 3574; x_wconf 91' lang='lat' dir='ltr'><strong>iis</strong></span> <span class='ocrx_word' id='word_1_217' title='bbox 1337 3531 1402 3575; x_wconf 93' lang='lat' dir='ltr'><strong>non</strong></span> 
     </span>
     <span class='ocr_line' id='line_1_28' title="bbox 333 3619 1400 3711; baseline 0 -23"><span class='ocrx_word' id='word_1_218' title='bbox 333 3623 501 3702; x_wconf 84' lang='lat' dir='ltr'><strong>assentiar,</strong></span> <span class='ocrx_word' id='word_1_219' title='bbox 525 3635 580 3687; x_wconf 90' lang='lat' dir='ltr'><strong>aut</strong></span> <span class='ocrx_word' id='word_1_220' title='bbox 600 3620 656 3686; x_wconf 92' lang='lat' dir='ltr'><strong>ubi</strong></span> <span class='ocrx_word' id='word_1_221' title='bbox 678 3632 763 3687; x_wconf 88' lang='lat' dir='ltr'><strong>recte</strong></span> <span class='ocrx_word' id='word_1_222' title='bbox 784 3619 906 3711; x_wconf 91' lang='lat' dir='ltr'><strong>aliquid</strong></span> <span class='ocrx_word' id='word_1_223' title='bbox 927 3631 999 3685; x_wconf 88' lang='lat' dir='ltr'><strong>ante</strong></span> <span class='ocrx_word' id='word_1_224' title='bbox 1020 3642 1072 3685; x_wconf 89' lang='lat' dir='ltr'><strong>rne</strong></span> <span class='ocrx_word' id='word_1_225' title='bbox 1089 3619 1300 3688; x_wconf 72' lang='lat' dir='ltr'><strong>observaverit</strong></span> <span class='ocrx_word' id='word_1_226' title='bbox 1318 3645 1400 3688; x_wconf 90' lang='lat' dir='ltr'><strong>unus</strong></span> 
     </span>
     <span class='ocr_line' id='line_1_29' title="bbox 332 3732 1399 3825; baseline 0 -23"><span class='ocrx_word' id='word_1_227' title='bbox 332 3736 383 3802; x_wconf 85' lang='lat' dir='ltr'><strong>rel</strong></span> <span class='ocrx_word' id='word_1_228' title='bbox 412 3736 513 3816; x_wconf 88' lang='lat' dir='ltr'><strong>alter,</strong></span> <span class='ocrx_word' id='word_1_229' title='bbox 545 3756 628 3825; x_wconf 86' lang='lat' dir='ltr'><strong>quae</strong></span> <span class='ocrx_word' id='word_1_230' title='bbox 659 3734 765 3800; x_wconf 88' lang='lat' dir='ltr'><strong>omnia</strong></span> <span class='ocrx_word' id='word_1_231' title='bbox 797 3734 874 3798; x_wconf 89' lang='lat' dir='ltr'><strong>olim</strong></span> <span class='ocrx_word' id='word_1_232' title='bbox 894 3732 1006 3798; x_wconf 88' lang='lat' dir='ltr'><strong>sedulo</strong></span> <span class='ocrx_word' id='word_1_233' title='bbox 1027 3742 1136 3797; x_wconf 88' lang='lat' dir='ltr'><strong>notata</strong></span> <span class='ocrx_word' id='word_1_234' title='bbox 1156 3733 1190 3798; x_wconf 92' lang='lat' dir='ltr'><strong>in</strong></span> <span class='ocrx_word' id='word_1_235' title='bbox 1209 3734 1399 3802; x_wconf 88' lang='lat' dir='ltr'><strong>immensum</strong></span> 
     </span>
     <span class='ocr_line' id='line_1_30' title="bbox 333 3845 1401 3937; baseline 0.002 -23"><span class='ocrx_word' id='word_1_236' title='bbox 333 3860 513 3929; x_wconf 80' lang='lat' dir='ltr'><strong>creverant,</strong></span> <span class='ocrx_word' id='word_1_237' title='bbox 543 3859 575 3913; x_wconf 88' lang='lat' dir='ltr'><strong>et</strong></span> <span class='ocrx_word' id='word_1_238' title='bbox 599 3847 652 3913; x_wconf 91' lang='lat' dir='ltr'><strong>hio</strong></span> <span class='ocrx_word' id='word_1_239' title='bbox 672 3846 830 3937; x_wconf 90' lang='lat' dir='ltr'><strong>adscripta</strong></span> <span class='ocrx_word' id='word_1_240' title='bbox 853 3845 964 3911; x_wconf 88' lang='lat' dir='ltr'><strong>lectori</strong></span> <span class='ocrx_word' id='word_1_241' title='bbox 982 3866 1133 3911; x_wconf 90' lang='lat' dir='ltr'><strong>nauseam</strong></span> <span class='ocrx_word' id='word_1_242' title='bbox 1153 3861 1317 3915; x_wconf 82' lang='lat' dir='ltr'><strong>monerent</strong></span> <span class='ocrx_word' id='word_1_243' title='bbox 1336 3851 1401 3917; x_wconf 87' lang='lat' dir='ltr'><strong>sine</strong></span> 
     </span>
     <span class='ocr_line' id='line_1_31' title="bbox 333 3958 1401 4053; baseline 0 -25"><span class='ocrx_word' id='word_1_244' title='bbox 333 3961 450 4041; x_wconf 83' lang='lat' dir='ltr'><strong>dubi03</strong></span> <span class='ocrx_word' id='word_1_245' title='bbox 478 3960 555 4027; x_wconf 90' lang='lat' dir='ltr'><strong>hinc</strong></span> <span class='ocrx_word' id='word_1_246' title='bbox 582 3960 678 4025; x_wconf 87' lang='lat' dir='ltr'><strong>satius</strong></span> <span class='ocrx_word' id='word_1_247' title='bbox 703 3958 779 4024; x_wconf 82' lang='lat' dir='ltr'><strong>duri</strong></span> <span class='ocrx_word' id='word_1_248' title='bbox 798 3959 985 4025; x_wconf 79' lang='lat' dir='ltr'><strong>novissimos</strong></span> <span class='ocrx_word' id='word_1_249' title='bbox 1006 3969 1131 4025; x_wconf 88' lang='lat' dir='ltr'><strong>tantum</strong></span> <span class='ocrx_word' id='word_1_250' title='bbox 1152 3962 1321 4053; x_wconf 88' lang='lat' dir='ltr'><strong>scriptores</strong></span> <span class='ocrx_word' id='word_1_251' title='bbox 1342 3986 1401 4028; x_wconf 93' lang='lat' dir='ltr'><strong>no·</strong></span> 
     </span>
     <span class='ocr_line' id='line_1_32' title="bbox 333 4072 1400 4166; baseline -0.001 -24"><span class='ocrx_word' id='word_1_252' title='bbox 333 4076 474 4156; x_wconf 85' lang='lat' dir='ltr'><strong>minare,</strong></span> <span class='ocrx_word' id='word_1_253' title='bbox 507 4074 637 4166; x_wconf 85' lang='lat' dir='ltr'><strong>quando</strong></span> <span class='ocrx_word' id='word_1_254' title='bbox 667 4095 747 4164; x_wconf 90' lang='lat' dir='ltr'><strong>opus</strong></span> <span class='ocrx_word' id='word_1_255' title='bbox 776 4085 858 4150; x_wconf 87' lang='lat' dir='ltr'><strong>erat,</strong></span> <span class='ocrx_word' id='word_1_256' title='bbox 882 4072 917 4138; x_wconf 92' lang='lat' dir='ltr'><strong>hi</strong></span> <span class='ocrx_word' id='word_1_257' title='bbox 936 4072 1022 4138; x_wconf 89' lang='lat' dir='ltr'><strong>enirn</strong></span> <span class='ocrx_word' id='word_1_258' title='bbox 1042 4092 1170 4163; x_wconf 91' lang='lat' dir='ltr'><strong>prorsus</strong></span> <span class='ocrx_word' id='word_1_259' title='bbox 1191 4078 1400 4142; x_wconf 87' lang='lat' dir='ltr'><strong>obscurarunt</strong></span> 
     </span>
     <span class='ocr_line' id='line_1_33' title="bbox 332 4184 1056 4278; baseline -0.01 -21"><span class='ocrx_word' id='word_1_260' title='bbox 332 4188 512 4278; x_wconf 87' lang='lat' dir='ltr'><strong>antiquiora</strong></span> <span class='ocrx_word' id='word_1_261' title='bbox 537 4209 631 4277; x_wconf 89' lang='lat' dir='ltr'><strong>opera</strong></span> <span class='ocrx_word' id='word_1_262' title='bbox 656 4186 696 4252; x_wconf 90' lang='lat' dir='ltr'><strong>de</strong></span> <span class='ocrx_word' id='word_1_263' title='bbox 720 4184 868 4275; x_wconf 87' lang='lat' dir='ltr'><strong>gentibus</strong></span> <span class='ocrx_word' id='word_1_264' title='bbox 891 4184 1056 4250; x_wconf 85' lang='lat' dir='ltr'><strong>Romanis.</strong></span> 
     </span>
    </p>

    <p class='ocr_par' dir='ltr' id='par_1_4' title="bbox 333 4294 1401 4618">
     <span class='ocr_line' id='line_1_34' title="bbox 379 4294 1401 4389; baseline -0.002 -22"><span class='ocrx_word' id='word_1_265' title='bbox 379 4301 503 4389; x_wconf 78' lang='lat' dir='ltr'><strong>Agmen</strong></span> <span class='ocrx_word' id='word_1_266' title='bbox 523 4295 621 4362; x_wconf 89' lang='lat' dir='ltr'><strong>ducat</strong></span> <span class='ocrx_word' id='word_1_267' title='bbox 638 4294 1000 4376; x_wconf 86' lang='lat' dir='ltr'><strong>RichardusStreinius,</strong></span> <span class='ocrx_word' id='word_1_268' title='bbox 1016 4296 1095 4362; x_wconf 91' lang='lat' dir='ltr'><strong>baro</strong></span> <span class='ocrx_word' id='word_1_269' title='bbox 1106 4294 1401 4379; x_wconf 84' lang='lat' dir='ltr'><strong>Schwaraeuarius,</strong></span> 
     </span>
     <span class='ocr_line' id='line_1_35' title="bbox 334 4407 1401 4506; baseline -0.001 -27"><span class='ocrx_word' id='word_1_270' title='bbox 334 4415 391 4506; x_wconf 90' lang='lat' dir='ltr'><strong>qui</strong></span> <span class='ocrx_word' id='word_1_271' title='bbox 410 4414 492 4479; x_wconf 90' lang='lat' dir='ltr'><strong>intra</strong></span> <span class='ocrx_word' id='word_1_272' title='bbox 513 4409 669 4478; x_wconf 79' lang='lat' dir='ltr'><strong>Gentium</strong></span> <span class='ocrx_word' id='word_1_273' title='bbox 685 4418 718 4475; x_wconf 83' lang='lat' dir='ltr'><strong>et</strong></span> <span class='ocrx_word' id='word_1_274' title='bbox 735 4408 963 4477; x_wconf 75' lang='lat' dir='ltr'><strong>Familiarem</strong></span> <span class='ocrx_word' id='word_1_275' title='bbox 976 4409 1205 4476; x_wconf 77' lang='lat' dir='ltr'><strong>Romanorum</strong></span> <span class='ocrx_word' id='word_1_276' title='bbox 1216 4407 1401 4478; x_wconf 84' lang='lat' dir='ltr'><strong>Stemmata</strong></span> 
     </span>
     <span class='ocr_line' id='line_1_36' title="bbox 333 4521 1401 4618; baseline -0.001 -24"><span class='ocrx_word' id='word_1_277' title='bbox 333 4525 506 4594; x_wconf 85' lang='lat' dir='ltr'><strong>Fabiorum</strong></span> <span class='ocrx_word' id='word_1_278' title='bbox 539 4545 669 4615; x_wconf 89' lang='lat' dir='ltr'><strong>quoque</strong></span> <span class='ocrx_word' id='word_1_279' title='bbox 701 4524 845 4592; x_wconf 86' lang='lat' dir='ltr'><strong>tabulam</strong></span> <span class='ocrx_word' id='word_1_280' title='bbox 876 4522 1112 4614; x_wconf 86' lang='lat' dir='ltr'><strong>genealogicam</strong></span> <span class='ocrx_word' id='word_1_281' title='bbox 1138 4521 1238 4590; x_wconf 92' lang='lat' dir='ltr'><strong>edidit</strong></span> <span class='ocrx_word' id='word_1_282' title='bbox 1263 4524 1401 4618; x_wconf 79' lang='lat'><strong>(1559),</strong></span> 
     </span>
    </p>
   </div>
   <div class='ocr_carea' id='block_1_3' title="bbox 0 0 1606 5302">
    <p class='ocr_par' dir='ltr' id='par_1_5' title="bbox 0 0 1606 5302">
     <span class='ocr_line' id='line_1_37' title="bbox 0 0 1606 5302; baseline 0 0"><span class='ocrx_word' id='word_1_283' title='bbox 0 0 1606 5302; x_wconf 95' lang='lat' dir='ltr'><strong> </strong></span> 
     </span>
    </p>
   </div>
  </div>
 </body>
</html>
