3210 5300
352 417 414 483 348
495 436 522 486 a.
547 433 649 481 raarns
670 437 699 486 o.
719 435 747 481 r.
769 436 797 486 a.
818 434 846 478 n.
867 428 998 479 uxxxnus
1017 435 1189 481 cuscraroa
1208 419 1284 501 (33).

355 625 475 705 potest:
500 636 613 703 »qnae
633 625 768 703 utraque
791 624 931 704 tempora
950 613 1135 704 (auguratus
1156 614 1277 681 scilicet
1297 617 1340 681 62
1359 636 1420 682 an·

355 751 414 794 nos
441 739 473 793 et
496 726 659 792 robustam
681 727 830 814 aetatem)
855 728 881 792 si
901 728 935 792 in
955 749 1055 793 unum
1078 725 1299 807 conterantur,
1322 728 1419 797 facila

356 840 474 906 saeculi
499 839 632 905 modum
662 841 886 930 expleverint.''
934 840 976 905 At
1002 840 1132 908 aliunde
1152 841 1245 906 Fabii
1263 854 1347 908 aetas
1367 844 1421 909 in·

354 953 478 1031 notnlt,
507 964 651 1018 mortuus
676 964 755 1018 est¹
787 957 830 1019 30
856 952 947 1018 annis
963 965 1035 1043 post
1053 953 1192 1044 primum
1212 954 1420 1021 consulatum

355 1067 446 1157 atqui
476 1069 609 1130 70-75
638 1087 756 1131 annum
777 1086 885 1155 agens;
908 1089 926 1130 a
946 1088 1011 1156 quo
1030 1088 1165 1131 numero
1185 1078 1373 1156 auguratum
1392 1068 1418 1133 si

354 1178 543 1256 detraxeris,
565 1177 696 1243 robusta
716 1177 838 1243 scilicet
855 1188 940 1244 aetas
957 1190 1098 1269 superest
1115 1182 1243 1256 8-13,
1260 1179 1421 1270 puerilem

354 1314 449 1383 quam
476 1302 563 1357 recte
591 1289 715 1356 dixeris.
763 1289 856 1356 Teste
880 1290 973 1356 Lirio
994 1303 1007 1340 ²
1029 1314 1158 1380 perraro
1179 1291 1359 1371 accidebat,
1382 1304 1420 1358 ut

355 1405 539 1471 adolescens
559 1403 621 1470 hoc
642 1405 829 1494 fungeretur
848 1403 1044 1485 sacerdotio,
1067 1403 1144 1470 hino
1165 1427 1335 1471 erroneum
1357 1427 1423 1470 nu-v

353 1540 477 1584 merum
508 1517 583 1583 inde
614 1532 724 1585 natum
755 1540 821 1583 esse
850 1516 1060 1598 crediderim,
1092 1517 1178 1608 quod
1206 1540 1308 1584 annus
1333 1518 1418 1601 489,

354 1653 420 1722 quo
448 1631 486 1715 Q.-
507 1631 625 1698 Fabius
654 1631 810 1697 Maximus
834 1653 933 1721 augur
951 1630 1054 1697 factus
1074 1643 1160 1710 erat,
1183 1631 1223 1696 ad
1244 1612 1421 1698 Cunctato-

353 1767 420 1811 rem
440 1755 559 1809 tractus
577 1745 632 1822 sit,
656 1744 713 1809 ubi
734 1744 802 1810 eius
820 1755 912 1834 pater
933 1744 1003 1833 (29)
1026 1756 1093 1809 erat
1114 1743 1350 1834 intelligendus.

398 1857 475 1921 llius
507 1856 638 1923 scientia
665 1857 741 1922 iuris
771 1855 930 1946 auguralis
959 1854 1111 1922 laudatur
1137 1881 1155 1922 a
1187 1855 1309 1923 Catone
1334 1856 1418 1948 apud

355 1968 540 2035 Ciceronem
572 1977 601 2048 ³,
636 1969 692 2060 qui
723 1969 820 2034 tradit
848 1968 1042 2048 Maximum,
1072 1991 1173 2060 augur
1197 1992 1298 2060 quum
1323 1981 1424 2048 esset,

355 2082 461 2148 dicere
492 2103 603 2147 ausum
634 2103 719 2147 essa:
750 2081 908 2183 »optimis
927 2081 1075 2172 auspiciis
1096 2104 1132 2146 ea
1150 2081 1235 2172 geri,
1259 2103 1343 2171 quae
1359 2103 1422 2169 pro

353 2193 550 2284 reipublicae
579 2193 680 2260 salute
709 2206 911 2284 gererentur,
941 2215 1025 2284 quae
1050 2205 1161 2261 contra
1184 2193 1417 2284 rempublicam

356 2307 531 2385 ferrentur,
554 2319 665 2372 contra
689 2307 828 2398 auspicia
854 2305 951 2372 lieri.'’

666 2491 684 2574 §
712 2491 763 2556 17.
810 2487 905 2554 Laus
929 2489 1113 2553 litteraria.

399 2646 568 2737 Sequitur,
592 2658 627 2712 ut
646 2646 758 2736 paucis
780 2646 944 2713 rideamus
965 2646 1005 2712 de
1021 2657 1125 2712 morte
1143 2644 1344 2712 Cunctatoris
1360 2645 1420 2711 filii

355 2759 545 2835 consularis,
583 2779 680 2847 quam
714 2781 807 2825 senex
838 2771 945 2825 noster
975 2757 1195 2824 admirabilem
1224 2757 1257 2822 in
1287 2757 1419 2825 modum

354 2871 430 2937 tulit
444 2885 471 2950 ⁴;
489 2872 557 2960 ipse
573 2871 678 2936 filium
694 2871 888 2939 carissimum
910 2871 1047 2938 extulit⁵
1066 2871 1272 2962 laudaritque
1289 2872 1322 2937 in
1338 2872 1420 2938 loro.

354 2983 446 3048 Hanc
464 2982 678 3048 laudationem
706 2996 816 3074 postea
840 2984 960 3050 editam
981 2982 1061 3050 Cato
1087 2984 1199 3074 legisse
1220 2984 1304 3076 apud
1327 2984 1422 3052 Cice-

352 3117 465 3161 ronem
493 3096 613 3177 fertur3
645 3096 834 3163 Plutarchus
866 3120 938 3163 sero
961 3120 1024 3163 non
1046 3096 1125 3163 sidit
1146 3120 1229 3175 eam,
1259 3097 1382 3189 scripsit
1403 3109 1417 3147 θ

353 3209 485 3301 quidem
503 3209 703 3292 διασώζεται,
730 3209 784 3277 sed
805 3210 868 3277 alio
886 3209 960 3276 loco
979 3221 993 3258 ⁷
1015 3209 1093 3277 dixit
1112 3209 1243 3292 opacae
1258 3211 1310 3276 τὸν
1325 3208 1418 3288 so'yov

352 3321 515 3399 ἐξέδωκεν,
540 3319 629 3410 quod
652 3343 691 3387 cx
714 3320 868 3389 Cicerone
890 3334 904 3372 ⁸
929 3320 1054 3389 videtur
1071 3321 1214 3400 vertisse,
1237 3321 1326 3411 atqui
1351 3344 1415 3386 non

354 3431 457 3499 audeo
486 3445 499 3483 ⁹
527 3455 640 3525 urgere
660 3437 834 3502 orationem
855 3436 947 3502 istam
966 3434 1018 3502 vel
1037 3434 1200 3500 Plutarchi
1221 3434 1419 3525 temporibus

354 3559 509 3613 sarratam
527 3569 610 3627 esse,
633 3546 758 3615 lleeren
780 3560 810 3601 ¹⁰
835 3550 931 3639 igitur
951 3547 1036 3614 male
1054 3547 1129 3613 inde
1148 3546 1275 3637 collegit
1293 3546 1418 3613 Plutar-

353 3660 451 3726 chum
466 3661 559 3727 istam
574 3659 791 3728 laudationem
811 3662 936 3752 legisse3
960 3684 1057 3752 quam
1073 3659 1160 3726 haud
1175 3660 1240 3726 scio
1257 3682 1299 3726 sn
1320 3659 1416 3725 intel·

259 3770 266 3781 “
355 3772 490 3840 luxisset.

399 3884 479 3952 Cato
497 3886 530 3951 in
542 3885 616 3951 loco
633 3886 692 3954 illo
709 3888 750 3956 de
768 3888 938 3956 Senectute
954 3888 1102 3956 laudibus
1118 3884 1245 3954 extollat
1263 3887 1301 3971 Q.
1317 3887 1414 3956 Maxi-

353 4022 441 4066 mum
465 4021 603 4090 eumque
625 3999 855 4094 philosophum
877 4002 972 4081 dicit,
995 4001 1088 4068 cuius
1108 4002 1255 4068 notitiam
1275 4001 1415 4093 antiqui·

383 4214 402 4279 1)
420 4215 459 4267 Cf.
481 4215 494 4279 3
518 4221 548 4266 18
570 4218 644 4268 huius
666 4217 768 4283 Capitis.
837 4215 858 4284 2)
877 4219 979 4268 XXIX.
1003 4222 1046 4268 38.
1117 4215 1353 4287 1)(ἵαιο4311,
1382 4227 1418 4272 12.

347 4298 368 4362 2)
385 4299 438 4350 Cic.
459 4296 519 4349 Coto
537 4307 552 4351 4
570 4302 583 4366 3
603 4307 649 4364 12,
666 4301 777 4367 adsum.
795 4303 927 4368 IV.6§1.
980 4299 999 4368 5)
1017 4303 1069 4354 Cic.
1088 4311 1137 4353 aot.
1155 4303 1221 4355 deor.
1238 4306 1289 4356 111.
1310 4312 1343 4356 32
1352 4307 1418 4372 380,

350 4382 422 4434 Tuae.
440 4385 491 4435 III.
510 4386 632 4451 28370.
720 4384 821 4453 ι’1)Ραό.
843 4393 865 4439 1.
954 4386 977 4455 7)
992 4385 1054 4437 Fata
1074 4394 1115 4439 24.
1200 4387 1221 4455 8)
1244 4387 1422 4458 03104312

347 4466 369 4537 ⁹)
386 4468 425 4521 Cf.
442 4469 499 4520 Lib.
517 4471 553 4522 V·
569 4469 631 4537 Cap.
649 4484 677 4524 tr
695 4474 710 4537 §
728 4477 758 4535 6,
775 4487 800 4538 p.
822 4477 877 4523 165.
931 4470 962 4542 ¹⁰)
980 4470 1022 4523 De
1031 4473 1101 4540 sont.
1120 4472 1189 4526 Plut.
1210 4479 1268 4526 121.
