3190 5304
357 446 417 508 410
438 464 700 516 umbrosorum
712 465 739 508 n.
752 465 780 514 c.
792 463 820 509 n.
831 463 904 507 nux.
916 460 1076 508 innocuos.
1087 445 1162 529 (50).
1172 446 1249 529 510.
1261 466 1335 511 nans
1345 469 1422 513 mrr.

648 687 666 769 §
693 686 743 751 10.
790 684 884 751 Laus
908 687 1085 751 litteraria
1104 697 1128 751 ¹.

403 867 516 934 Cicero
540 879 553 918 ²
579 865 672 933 nobis
698 865 795 933 tradit
821 878 950 933 anctore
973 865 1065 932 Attio
1082 865 1118 951 Q.
1135 867 1311 937 Maximum
1331 869 1423 962 Bauli

358 993 525 1073 nepotem,
542 1003 618 1071 ergo
632 991 776 1048 nostrum
794 980 1055 1072 Allobrogicum,
1070 980 1186 1047 litteris
1210 993 1279 1048 tuna
1299 981 1422 1048 Latinis

358 1108 425 1160 tum
454 1094 582 1162 Graecis
603 1093 765 1159 eruditum
784 1093 881 1158 fuisse
902 1105 938 1159 ut
960 1093 1157 1184 temporibus
1176 1093 1251 1161 illis.
1300 1093 1421 1177 Quibus

358 1208 392 1272 in
412 1207 525 1273 litteris
541 1207 663 1273 etiamsi
680 1206 803 1298 aliquid
819 1206 970 1297 polleret,
987 1217 1093 1272 tamen
1110 1206 1236 1273 Laelius
1253 1206 1284 1272 ei
1299 1207 1424 1298 scripsit

357 1319 550 1399 ouationem,
583 1342 645 1409 qua
671 1331 822 1410 patruum
848 1342 941 1386 suum
969 1321 1005 1387 P.
1030 1318 1213 1409 Scipionem
1237 1319 1424 1388 Africanum

356 1431 501 1498 laudaret
524 1453 608 1497 anno
630 1436 712 1511 6253
732 1432 877 1498 solebant
897 1432 947 1500 vel
968 1431 1046 1498 boni
1065 1443 1203 1498 oratores
1222 1432 1422 1501 laudationes

357 1546 399 1612 ab
426 1546 496 1612 aliis
523 1547 676 1611 conflatas
704 1544 882 1624 venditare,
915 1543 1005 1612 unde
1031 1542 1143 1612 Cicero
1171 1553 1185 1591 ⁸
1214 1568 1280 1612 uon
1305 1546 1423 1614 iniuria

357 1657 484 1725 Cottam
517 1658 694 1724 mirabatur
722 1658 826 1749 ipsum
859 1669 1021 1724 oratorem
1046 1659 1245 1750 minimeque
1275 1659 1423 1751 ineptum

354 1770 514 1837 Acilianas
533 1771 618 1837 leves
639 1770 853 1837 oratiunculas
872 1771 1009 1838 voluisse
1028 1772 1199 1839 existimari
1218 1795 1300 1840 suas.

400 1884 468 1953 Nec
496 1884 581 1949 solus
606 1884 761 1951 Maximus
788 1884 929 1951 laudarit
949 1896 1119 1976 patruum,
1143 1885 1221 1950 duas
1241 1887 1328 1952 enim
1349 1884 1421 1951 lau·

357 1998 502 2064 dationes
534 1997 684 2062 funebres
715 1998 749 2062 iu
779 1996 922 2063 Africani
951 1997 1108 2064 honorem
1138 1997 1242 2064 dictae
1268 2010 1361 2078 sunt,
1384 2011 1424 2064 nt

354 2123 464 2203 postea
492 2110 579 2178 Nero
608 2109 760 2176 Claudius
789 2110 909 2177 Drusus
936 2110 1033 2199 (745)
1061 2110 1101 2176 ab
1123 2110 1266 2200 Augusto
1287 2111 1355 2178 eius
1373 2112 1424 2178 ri-

355 2228 436 2292 trico
451 2236 483 2290 et
500 2224 627 2291 Tiberio
644 2224 712 2289 eius
728 2223 824 2288 fratre
841 2222 988 2289 laudatus
1002 2235 1052 2289 est
1063 2238 1089 2303 θ,
1103 2235 1138 2290 ut
1153 2223 1313 2314 Augustus
1326 2225 1422 2315 (767)

354 2364 374 2405 a
396 2337 525 2404 Tiberio
549 2348 581 2402 et
602 2338 706 2404 Druso
725 2337 843 2403 Tiberii
858 2337 927 2402 lilio
944 2350 972 2415 ⁵,
991 2348 1023 2402 et
1040 2336 1220 2403 Antoninus
1237 2337 1312 2403 Pius
1324 2339 1419 2426 (914)

354 2453 395 2519 ab
414 2451 579 2517 Antonino
598 2449 796 2540 Philosopho
816 2462 848 2516 et
867 2450 902 2515 L.
923 2449 1010 2516 Vero
1030 2463 1055 2515 ⁸.
1157 2510 1159 2513 .
1235 2466 1238 2473 ·

399 2563 511 2632 Cicero
541 2563 632 2629 uobis
660 2576 772 2629 auctor
801 2576 847 2630 est
880 2562 1025 2629 Laelium
1055 2562 1212 2654 scripsisse
1244 2563 1423 2629 orationem

354 2681 388 2747 P.
419 2677 512 2748 Aelio
542 2676 720 2754 Tuberoni,
753 2699 818 2767 qua
846 2674 991 2742 laudaret
1016 2675 1073 2741 ille
1102 2673 1305 2765 Scipionem,
1329 2676 1423 2742 cuius

353 2791 467 2858 sororis
491 2804 558 2857 erat
578 2790 677 2868 filius;
701 2802 768 2854 crat
788 2788 844 2854 bic
872 2794 992 2854 stoicus
1014 2811 1050 2854 ex
1071 2789 1292 2868 severissimis,
1313 2813 1422 2880 neque

353 2905 558 2993 eloquentiae
583 2902 697 2967 umbra
717 2914 783 2968 erat
802 2902 836 2968 in
857 2902 948 2968 istius
967 2915 1078 2968 contra
1099 2902 1279 2970 Gracchum
1301 2903 1422 2969 oratio-

353 3017 457 3082 nibus.
506 3014 611 3100 Quum
640 3026 746 3081 autem
774 3014 929 3080 Maximus
956 3028 1065 3081 noster
1092 3016 1199 3104 patrui
1218 3016 1267 3081 sni
1287 3016 1422 3083 nomine

351 3131 472 3221 populo
502 3130 647 3195 Romano
676 3128 765 3195 daret
793 3129 948 3218 epulum,
981 3129 1103 3217 rogasit
1130 3128 1352 3208 Tuberonem,
1383 3142 1423 3196 ut

351 3244 526 3312 triclinium
546 3254 714 3322 sterneret3
743 3242 798 3309 sed
818 3253 886 3308 turn
903 3265 962 3333 pro
980 3243 1125 3333 stragulis
1145 3243 1253 3309 strauit
1273 3241 1422 3309 haedinis

350 3356 511 3449 pelliculis
531 3355 632 3421 lectos
650 3353 846 3433 Punicanos,
870 3374 931 3419 nec
952 3375 1046 3419 aurea
1066 3365 1253 3443 argenteare
1272 3377 1344 3420 vasa
1362 3377 1424 3420 ex·

349 3471 456 3563 posuit
473 3492 583 3535 rernm
606 3468 717 3534 fictilia
735 3479 861 3533 tautum
881 3465 1009 3547 Samia,
1032 3465 1216 3557 quasivero
1235 3479 1318 3532 esset
1338 3466 1423 3532 Dio-

349 3607 446 3675 genes
476 3580 666 3649 laudaudus.
722 3580 815 3647 Hanc
846 3601 1025 3671 perversam
1058 3579 1246 3670 sapientiam
1274 3580 1422 3672 populus

348 3698 484 3788 graviter
505 3695 613 3762 tulisse
632 3694 734 3761 fertur
753 3705 784 3773 ⁷,
808 3716 882 3759 nam
902 3691 999 3759 bomo
1017 3692 1239 3782 integerrimus
1256 3694 1307 3760 rel
1323 3693 1421 3759 Pauli

347 3831 447 3899 nepos
466 3806 533 3872 istis
552 3804 716 3897 pelliculis
731 3817 880 3896 praetura
901 3804 1042 3871 deiectus
1061 3815 1119 3872 est.

393 3920 572 3987 Scholiasta
591 3918 772 3999 Bobiensis,
795 3919 853 3984 ubi
870 3918 968 3987 tradit
981 3918 1127 3987 Laelium
1145 3931 1158 3969 ⁸
1178 3917 1317 3986 Maximo
1336 3922 1422 3987 seri-

345 4036 442 4126 psisse
462 4033 698 4112 laudationem,
721 4033 936 4124 fragmentum
967 4056 1005 4098 ex
1031 4057 1068 4105 ea
1086 4033 1178 4099 nobis
1196 4034 1331 4101 serravit
1352 4034 1421 4100 ali-

373 4261 394 4328 ¹)
410 4261 463 4314 Cic.
478 4261 509 4312 cle
523 4268 586 4311 orat.
610 4261 650 4311 11.
674 4264 707 4309 84
724 4261 737 4325 5
755 4265 820 4322 341,
841 4276 890 4326 pro
908 4257 977 4310 Mur.
994 4265 1026 4311 36
1045 4261 1059 4325 5
1077 4265 1123 4322 75,
1146 4260 1231 4325 ibique
1250 4259 1337 4313 Sobol.
1353 4263 1429 4316 Bob.

338 4366 363 4413 p.
382 4345 486 4400 28301.
538 4343 560 4412 1)
576 4343 652 4395 Brut.
668 4344 792 4410 28§107.
844 4341 1090 4412 ⁵)Brcr.5c§207.
1143 4342 1428 4411 uniueisum.

337 4432 358 4499 ⁵)
375 4432 445 4484 sset.
464 4427 528 4497 Aup.
548 4438 608 4484 100.
659 4427 680 4496 6)
696 4428 803 4494 Capitol.
824 4427 913 4481 Aaron
938 4427 1004 4481 Pltil.
1023 4433 1048 4480 7.
1099 4428 1120 4497 7)
1137 4430 1201 4482 Sem
1218 4427 1269 4496 Ep.
1289 4434 1322 4480 95
1330 4454 1339 4491 ;
1356 4434 1429 4486 Vsu.

336 4520 410 4571 Max.
426 4519 490 4573 VII.
508 4523 532 4569 5.
554 4524 576 4569 l.
629 4512 652 4584 8)
667 4515 771 4582 Meyer,
789 4523 852 4568 orat
868 4513 940 4567 Rom.
950 4515 1050 4582 froom.
1068 4522 1096 4567 2⁸
1114 4516 1155 4570 ed.
1175 4518 1239 4579 175,
1257 4519 1318 4567 750.
