3194 5302
262 480 289 525 n.
302 476 405 524 riorus
416 480 442 530 o.
454 478 482 524 r.
494 477 524 521 u.
536 478 565 523 rs.
577 474 737 521 sincerans
748 458 803 542 (8),
825 457 1089 542 §transnatat
1181 463 1220 525 77

152 678 205 725 nec
233 658 368 738 iniuria,
401 681 474 724 narn
504 655 685 748 pertinebat
715 644 755 721 ad
786 676 896 720 eorum
921 677 1037 721 munus
1064 655 1214 747 praedam

150 770 299 849 rendere,
329 792 411 861 quae
442 771 565 861 saepius
595 768 694 834 turbis
723 790 828 833 ansam
862 767 1013 846 dederat,
1038 780 1073 835 ut
1098 770 1214 860 passim

151 883 256 949 livius
277 883 383 949 tradit.
430 881 514 949 Satis
535 882 591 947 din
611 883 776 948 contentio
796 881 851 946 ilia
873 880 1015 960 durarit,
1046 885 1088 949 ita
1111 895 1215 949 utres

151 997 186 1061 ad
218 998 436 1087 interregnum
470 996 618 1074 redierit,
652 1016 752 1085 quum
783 995 911 1061 comitia
933 1006 1036 1061 essent
1055 995 1215 1063 habenda.

151 1109 290 1176 Tandem
320 1110 356 1175 L.
382 1109 525 1200 Papirius
551 1131 600 1174 res
624 1109 667 1173 ita
689 1109 888 1198 composuit,
919 1119 954 1173 ut
974 1121 1080 1199 patres
1099 1130 1216 1175 conce·

150 1223 260 1288 derent
290 1219 435 1285 tribunos
463 1219 603 1284 rnilitum
635 1240 758 1297 creare,
791 1231 823 1284 et
851 1219 943 1309 plebs
974 1233 1009 1285 ut
1037 1220 1217 1312 promiscue

151 1347 287 1426 quatuor
307 1333 419 1397 fierent
435 1344 633 1421 quaestores,
651 1331 684 1397 id
702 1344 748 1398 est
763 1344 798 1397 ut
813 1345 920 1422 posset
933 1356 1015 1399 nous
1033 1347 1064 1400 ct
1079 1334 1158 1399 alter
1178 1357 1215 1399 er

149 1448 242 1540 plebe
264 1447 334 1512 fieri
352 1457 514 1535 quaestor;
538 1445 677 1536 primum
700 1445 780 1511 illud
805 1447 922 1512 accidit
940 1470 1024 1513 anno
1047 1451 1124 1514 345.

193 1558 390 1626 Niebuhrius
411 1569 419 1606 ¹
454 1558 601 1648 opinatur
629 1581 682 1624 eos
707 1581 842 1625 numero
868 1571 976 1625 anctos
1001 1582 1068 1625 esse
1086 1572 1219 1650 propter

151 1674 268 1739 tributa
298 1686 375 1738 tunc
403 1672 547 1737 instituta
567 1685 599 1738 et
620 1672 814 1764 stipendium
840 1673 966 1764 dequo
987 1674 1155 1764 agebatur3
1187 1685 1219 1739 at

153 1787 205 1852 diu
219 1798 293 1878 post
303 1786 430 1851 demum
442 1785 504 1851 hcc
516 1785 617 1851 fertur
629 1786 810 1877 respublica
822 1786 1027 1877 pependisse,
1044 1810 1129 1852 anno
1140 1789 1218 1853 348.

197 1900 386 1966 Adrcrsatur
403 1897 480 1964 huic
500 1911 703 1989 quaestorum
726 1900 943 1966 institutorum
967 1900 1139 1966 narrationi
1157 1899 1219 1965 'l’a-

153 2014 237 2079 citi²
269 2013 373 2079 locust
407 2013 534 2078 »creati
558 2025 740 2102 quaestores
760 2013 899 2103 primum
928 2012 1073 2079 Valerius
1097 2012 1220 2079 Potitus

152 2140 181 2193 et
211 2126 365 2191 Aemilius
392 2125 570 2207 Mamercus
589 2124 697 2191 LXIII
722 2149 805 2192 anno
831 2139 903 2218 post
921 2126 1109 2217 Tarquinios
1127 2149 1220 2192 erac·

152 2252 211 2319 tus,
244 2251 280 2304 ut
309 2261 376 2305 rem
404 2239 575 2304 militarem
601 2238 857 2305 comitarentur.''
905 2238 997 2323 Quod
1024 2238 1222 2304 Niebuhrius

152 2350 224 2417 huic
254 2351 328 2416 loco
357 2350 485 2417 subesse
513 2351 615 2417 credit
641 2352 807 2442 vestigium
830 2353 1013 2418 mutationis
1037 2352 1221 2430 cuiusdam,

154 2487 187 2530 ex
214 2487 278 2555 qna
309 2476 491 2555 quaestores
518 2463 681 2555 parricidii
705 2464 739 2528 in
760 2464 944 2530 centuriatis
964 2477 1146 2530 crearentur
1165 2486 1221 2529 co·

154 2578 262 2656 mitiis,
279 2576 394 2642 cecidit
413 2577 476 2642 iam
494 2588 677 2667 propterea,
698 2574 785 2665 quod
803 2573 885 2640 hanc
904 2574 944 2641 de
962 2574 1105 2641 creandis
1121 2598 1221 2666 quae·

156 2691 291 2757 storibus
322 2690 507 2780 opinionem
536 2689 727 2779 exploserint
754 2689 810 2753 riri
836 2687 923 2754 docti
945 2697 970 2754 ³.
1019 2687 1116 2754 aliud
1144 2688 1223 2778 quid

153 2803 287 2884 accidit3
320 2804 345 2868 si
374 2802 459 2869 enirn
488 2802 620 2867 nomina
650 2802 889 2892 magistratuum
922 2813 1048 2892 praeter
1077 2801 1223 2867 consules

155 2929 271 2983 serrata
302 2928 394 2993 sunt,
424 2938 516 2980 rausa
539 2913 627 2980 adest
656 2937 712 2980 cur
733 2915 788 2979 illa
814 2915 997 2993 tradantur,
1023 2913 1119 3004 ruigo
1147 2936 1222 3004 pro-

153 3042 222 3120 pter
239 3028 453 3094 mutationem
471 3028 660 3119 quamdam3
680 3027 743 3093 iam
762 3028 905 3094 Valerius
921 3027 1045 3094 Potitus
1065 3039 1098 3093 et
1115 3026 1228 3092 demi--

153 3142 212 3207 lius
233 3141 412 3206 Mamercus
431 3143 457 3206 si
476 3141 572 3232 primi
589 3153 770 3231 quaestores
788 3142 922 3220 luerint,
940 3141 978 3206 ad
996 3141 1074 3206 aiios
1093 3162 1223 3230 qunque

156 3254 393 3321 adscendissent
425 3255 646 3344 magistratus,
676 3266 708 3319 et
736 3254 908 3320 siccorum
928 3254 1082 3319 memoria
1102 3251 1142 3318 ad
1165 3274 1223 3317 nos

152 3367 363 3458 pervenisset3
392 3366 509 3432 frustra
530 3377 636 3430 tamen
656 3386 709 3430 eos
727 3364 869 3454 inquiras
888 3376 961 3454 post
981 3362 1069 3429 hunc
1083 3386 1226 3443 annum,

153 3481 217 3545 imo
240 3479 296 3545 diu
318 3491 392 3545 ante
409 3480 521 3545 uixisse
540 3489 671 3569 apparet
690 3477 769 3543 duos
786 3477 858 3543 illos
878 3479 909 3542 in
930 3478 1098 3543 consulatu
1124 3477 1224 3544 colie-
1257 3476 1260 3483 ’

33 3570 35 3577 ‚
153 3617 204 3682 gas
234 3612 319 3658 anno
352 3595 436 3671 284,
481 3613 581 3681 quum
617 3589 902 3656 extraordinarium
933 3590 1055 3680 aliquid
1088 3591 1204 3655 accidit
1214 3641 1223 3670 ,

154 3706 244 3796 plebs
264 3707 351 3771 enim
374 3716 450 3769 tnnc
469 3704 539 3795 lege
558 3703 698 3769 Publilia
716 3704 779 3769 frui
798 3704 919 3794 coepit,
938 3727 976 3769 er
994 3726 1058 3793 qua
1078 3703 1225 3770 tributim

156 3819 253 3885 creati
278 3830 354 3884 sunt
373 3817 495 3884 tribuni
516 3818 620 3908 plebis
639 3840 774 3883 numero
795 3818 890 3882 aucti.
922 3816 1013 3882 lianc
1035 3817 1077 3882 nb
1098 3838 1224 3882 cansam

157 3934 284 3998 nomina
307 3932 363 3998 ilia
384 3931 495 3996 Tacito
515 3932 736 4008 innotuerant,
760 3930 817 4020 qui
835 3930 935 3997 sarias
952 3953 1001 3996 res
1017 3930 1131 3996 misere
1148 3930 1226 3995 mis·

158 4065 229 4109 cens
260 4046 293 4109 in
315 4045 353 4108 iis
374 4041 663 4133 qunqueiallitur,
696 4064 778 4131 quac
799 4042 980 4132 subiungit:
1013 4054 1135 4107 creatos
1158 4064 1226 4109 esse

160 4167 354 4244 quaestores,
383 4167 419 4221 ut
446 4178 513 4220 rern
535 4155 706 4220 militarem
726 4155 972 4233 comitarentur,
1002 4154 1119 4222 deinde
1145 4155 1227 4222 duos

160 4290 224 4335 esse
250 4267 395 4347 additos,
427 4267 484 4359 qui
512 4269 718 4358 gliscentibus
743 4270 877 4360 negotiis
904 4268 1025 4334 Romae
1049 4281 1225 4338 manerent.

189 4524 207 4592 ¹)
224 4524 257 4577 R.
271 4525 301 4581 G.
312 4528 348 4578 ΙΙ.
360 4530 418 4578 tas.
464 4522 484 4592 ²)
499 4521 564 4576 Arm,
574 4525 624 4577 XI.
635 4531 676 4576 22.
718 4521 738 4592 ³)
753 4526 865 4589 Becker,
880 4523 1061 4578 Rornditertlr.
1076 4529 1114 4580 ΙΙ.
1128 4542 1156 4580 11.
1173 4532 1233 4580 341.
