3210 5300
245 414 306 499 01.
317 411 448 479 0100000
460 416 529 480 605.
541 418 603 500 05.
617 380 1150 484 11100001001000000000010570.
1191 421 1251 485 860

184 610 318 678 ellabiis
330 623 406 678 ante
423 635 497 679 eum
516 613 661 682 eonsules
681 614 826 695 luerunt,
849 614 883 687 in
901 614 1054 707 Hispania
1071 628 1125 685 aut
1143 614 1247 683 Gallia

185 721 345 814 degerunt.

226 835 373 928 Denique
407 838 495 907 Serv.
532 838 709 932 Sulpicius,
747 841 803 931 qui
832 853 904 908 ante
933 841 1068 909 Fabium
1098 854 1243 909 nostrum

184 944 295 1014 Cretae
315 949 393 1026 luit,
415 973 480 1015 000
503 950 629 1018 ridetur
648 951 760 1018 oonsul
776 953 850 1018 anni
867 956 934 1020 646
951 954 1063 1032 fuisse,
1086 977 1159 1020 nam
1178 977 1242 1044 quo

181 1062 277 1128 modo
312 1060 477 1130 Cretenses
511 1088 569 1155 per
599 1069 641 1130 to
673 1089 772 1131 anuos
799 1076 872 1155 post
901 1065 1077 1131 Ptolemaei
1106 1079 1242 1132 mortem

182 1175 282 1263 quieti
302 1175 459 1243 luissent?
492 1176 564 1243 Non
587 1188 736 1268 poteraut
754 1177 898 1244 bellicosi
912 1178 966 1243 isti
983 1177 1105 1245 tamdiu
1121 1203 1139 1244 n
1154 1178 1243 1245 bello

181 1287 354 1369 abstinere,
377 1278 487 1356 eontra
505 1303 577 1382 post
594 1315 714 1356 aunum
731 1294 796 1359 608
814 1291 920 1357 statim
937 1291 1120 1358 inimicitias
1134 1315 1242 1357 more·
1301 1330 1309 1348 ·

180 1414 269 1481 runt,
299 1401 432 1468 simulac
451 1403 594 1469 sublatus
614 1418 680 1470 erat
698 1404 740 1484 is,
758 1405 848 1469 euius
867 1416 955 1475 matu
976 1403 1241 1476 continebantur:

178 1514 274 1603 igitur
291 1515 332 1581 de
351 1514 462 1582 Servio
482 1514 627 1608 Sulpicio
644 1517 775 1583 consule
795 1521 860 1585 610
878 1522 1068 1609 cogitemus,
1084 1515 1137 1582 hio
1156 1517 1242 1583 enim

178 1628 345 1695 consulatu
366 1629 495 1695 functus
514 1629 639 1697 Cretam
658 1630 818 1722 proficisci
836 1632 955 1721 potuit,
975 1655 1049 1697 nam
1070 1654 1133 1698 non
1156 1629 1242 1697 missi

178 1742 302 1808 suntin
323 1743 500 1833 provincias
520 1744 665 1810 consules
688 1742 785 1810 buius
803 1742 879 1809 anni
901 1755 925 1810 ¹.

317 1927 335 2011 §
361 1932 391 1992 5.
438 1923 560 1990 IIIoir·
582 1925 729 1990 colonz‘ae
751 1923 962 1991 deducendae
986 1929 1053 1993 670
1072 1936 1097 1991 ².

219 2080 290 2148 lloc
319 2106 451 2149 munere
478 2083 609 2148 iunctus
636 2093 683 2147 est
711 2093 819 2149 noster
846 2105 931 2148 anno
957 2084 1039 2162 570,
1068 2094 1240 2174 postquam

174 2193 289 2263 frustra
318 2196 517 2263 consulatum
548 2195 582 2260 in
611 2193 700 2261 hunc
728 2217 848 2261 aunum
879 2196 1018 2285 petierat,
1039 2206 1069 2274 ³;
1103 2206 1240 2285 quatuor

172 2331 287 2401 nempe
317 2310 443 2400 patricii
472 2307 633 2374 candidati
660 2307 828 2398 petebant,
852 2308 969 2373 Fabius
990 2320 1022 2373 et
1048 2307 1084 2372 L.
1107 2305 1237 2373 Porcius

173 2421 303 2488 Licinus
323 2422 576 2502 destinabantur,
598 2434 737 2487 attamen
764 2443 801 2486 ex
829 2421 951 2511 magnis
976 2420 1238 2487 contentionibus

171 2537 371 2627 turbatisque
387 2536 526 2601 comitiis
545 2534 599 2600 hic
616 2533 736 2625 prodiit
752 2535 863 2600 consul
885 2534 1009 2601 deiecto
1020 2532 1138 2611 Fabio,
1161 2555 1236 2598 nam

172 2648 251 2740 App.
274 2647 427 2714 Claudius
446 2647 595 2741 perfecit,
620 2660 655 2713 ut
674 2648 772 2713 irater
794 2670 868 2714 suus
889 2658 1012 2713 oreatus
1031 2645 1138 2712 fuerit.

213 2764 283 2831 Nec
301 2785 375 2828 uero
394 2761 514 2851 absque
532 2760 652 2827 honore
671 2760 733 2826 luit
753 2772 874 2840 noster,
898 2759 1043 2825 coloniae
1064 2759 1149 2825 enim
1167 2782 1237 2827 ma·

169 2875 295 2941 ritimae
329 2874 535 2941 deducendae
566 2885 656 2939 erant
688 2874 836 2940 Potentia
865 2874 898 2939 10
926 2873 1075 2938 Pisenum
1109 2894 1235 2963 agrum,

170 2987 335 3055 Pisaurum
355 2988 388 3052 in
409 2987 586 3069 Gallicum3
609 2987 718 3054 Illairi
736 3011 810 3054 0000
826 2989 933 3078 iugera
955 2987 1089 3077 singulis
1113 2986 1236 3053 colonis

168 3100 402 3169 distribuerunt
432 3100 469 3185 Q.
500 3101 618 3167 Fabius
646 3101 770 3181 Labeo,
795 3101 837 3168 M.
861 3114 895 3167 et
917 3099 953 3184 Q.
976 3100 1081 3166 Pulvii
1103 3100 1236 3165 Plancus

167 3224 198 3278 ct
219 3213 378 3280 Nobilior.
414 3215 456 3280 At
475 3214 583 3281 Livius
600 3227 761 3304 praeterea
781 3213 894 3280 horum
912 3211 1033 3279 nullam
1049 3212 1126 3277 fecit
1142 3234 1233 3276 men·

168 3326 307 3405 tionem,
332 3337 442 3391 eontra
466 3323 502 3408 Q.
523 3324 629 3391 Fulvii
647 3325 770 3404 Flacci,
800 3325 858 3414 001
886 3322 996 3388 aedilis
1027 3322 1146 3389 curulis
1175 3322 1235 3387 de·

166 3439 306 3529 signatus
324 3450 505 3528 praeturam
524 3437 639 3503 frustra
660 3438 795 3528 petierat
818 3435 881 3502 hoe
899 3458 1001 3516 anno,
1018 3447 1050 3500 et
1065 3435 1108 3502 M.
1126 3434 1233 3501 Fulvii

165 3550 355 3631 Nobilioris,
380 3553 436 3643 qui
451 3551 563 3618 itidem
583 3552 700 3617 frustra
720 3573 885 3619 censuram
900 3550 1011 3639 petiit,
1032 3572 1097 3639 quo
1109 3547 1232 3615 honore

156 3663 296 3731 iunctus
319 3679 366 3732 est
386 3689 468 3731 anno
490 3669 571 3746 5753
595 3688 676 3756 quae
696 3688 797 3756 quum
818 3664 860 3729 ita
883 3665 963 3742 sint,
986 3674 1049 3729 tres
1071 3661 1120 3727 illi
1140 3662 1233 3726 variis

164 3775 342 3844 honoribus
367 3779 482 3845 frustra
507 3779 631 3869 petitis,
656 3790 691 3842 ut
710 3777 833 3868 aliquid
855 3777 968 3843 saltem
989 3776 1147 3855 iacerent,
1171 3774 1229 3840 de-

163 3890 326 3957 duxerunt
344 3891 500 3970 colonias,
522 3890 697 3957 dummodo
716 3914 774 3981 pro
794 3890 845 3957 M.
858 3898 890 3954 et
905 3888 943 3976 Q.
955 3888 1112 3954 levissima
1128 3899 1230 3953 traus-

159 4003 318 4090 positione
339 4002 548 4094 rescripseris:
573 4001 612 4090 Q
624 4011 657 4067 et
668 4001 719 4069 M.
742 4000 847 4067 Fulvii
868 4000 1001 4066 Flaccus
1019 3998 1228 4084 etNobilior‚

162 4126 198 4179 ut
225 4137 469 4203 nonnumquam
498 4115 637 4180 occurrit
664 4113 748 4204 apud
779 4112 906 4179 Livium
929 4127 960 4192 ⁴,
982 4112 1043 4178 nisi
1064 4112 1229 4202 utriusque

188 4384 210 4448 ¹)
228 4389 288 4438 vu.
307 4389 447 4441 00001.
467 4393 491 4438 4.
510 4395 536 4439 2.
579 4385 600 4456 0
617 4385 818 4440 maxxxrx.
840 4391 882 4437 0.
923 4381 944 4451 ⁵)
962 4385 1019 4436 niv.
1038 4384 1172 4436 xxx1x.
1191 4391 1233 4435 ar.

151 4471 172 4539 ⁴)
188 4473 321 4523 xxxrx.
343 4480 382 4544 ro,

1052 4557 1094 4618 24
