<?xml version="1.0" encoding="UTF-8"?>
<!DOCTYPE html PUBLIC "-//W3C//DTD XHTML 1.0 Transitional//EN"
    "http://www.w3.org/TR/xhtml1/DTD/xhtml1-transitional.dtd">
<html xmlns="http://www.w3.org/1999/xhtml" xml:lang="en" lang="en">
 <head>
  <title>
</title>
<meta http-equiv="Content-Type" content="text/html;charset=utf-8" />
  <meta name='ocr-system' content='tesseract 3.04.00' />
  <meta name='ocr-capabilities' content='ocr_page ocr_carea ocr_par ocr_line ocrx_word'/>
</head>
<body>
  <div class='ocr_page' id='page_1' title='image "./disputatiodegen00servgoog_0404.png"; bbox 0 0 3190 5304; ppageno 0'>
   <div class='ocr_carea' id='block_1_1' title="bbox 347 448 1239 535">
    <p class='ocr_par' dir='ltr' id='par_1_1' title="bbox 347 448 1239 535">
     <span class='ocr_line' id='line_1_1' title="bbox 347 448 1239 535; baseline 0.008 -22"><span class='ocrx_word' id='word_1_1' title='bbox 347 449 367 533; x_wconf 67' lang='lat'><strong>5</strong></span> <span class='ocrx_word' id='word_1_2' title='bbox 388 452 418 513; x_wconf 89' lang='lat'><strong>6.</strong></span> <span class='ocrx_word' id='word_1_3' title='bbox 439 466 550 513; x_wconf 76' lang='lat' dir='ltr'><strong>consur.</strong></span> <span class='ocrx_word' id='word_1_4' title='bbox 570 448 641 513; x_wconf 86' lang='lat'><strong>609.</strong></span> <span class='ocrx_word' id='word_1_5' title='bbox 660 450 683 535; x_wconf 63' lang='lat' dir='ltr'><strong>A</strong></span> <span class='ocrx_word' id='word_1_6' title='bbox 703 453 733 516; x_wconf 89' lang='lat'><strong>7.</strong></span> <span class='ocrx_word' id='word_1_7' title='bbox 753 469 809 515; x_wconf 83' lang='lat' dir='ltr'><strong>rna</strong></span> <span class='ocrx_word' id='word_1_8' title='bbox 828 469 958 527; x_wconf 82' lang='lat' dir='ltr'><strong>cousnnn</strong></span> <span class='ocrx_word' id='word_1_9' title='bbox 978 453 1049 516; x_wconf 83' lang='lat'><strong>610.</strong></span> <span class='ocrx_word' id='word_1_10' title='bbox 1177 452 1239 521; x_wconf 77' lang='lat' dir='ltr'><strong>stt</strong></span> 
     </span>
    </p>
   </div>
   <div class='ocr_carea' id='block_1_2' title="bbox 166 643 1236 971">
    <p class='ocr_par' dir='ltr' id='par_1_2' title="bbox 166 643 1236 971">
     <span class='ocr_line' id='line_1_2' title="bbox 166 643 1233 739; baseline 0.003 -27"><span class='ocrx_word' id='word_1_11' title='bbox 166 643 318 737; x_wconf 77' lang='lat' dir='ltr'><strong>equidem</strong></span> <span class='ocrx_word' id='word_1_12' title='bbox 344 646 525 738; x_wconf 76' lang='lat' dir='ltr'><strong>Appianum</strong></span> <span class='ocrx_word' id='word_1_13' title='bbox 549 669 587 713; x_wconf 86' lang='lat' dir='ltr'><strong>ex</strong></span> <span class='ocrx_word' id='word_1_14' title='bbox 607 644 698 714; x_wconf 81' lang='lat' dir='ltr'><strong>Lislo</strong></span> <span class='ocrx_word' id='word_1_15' title='bbox 716 645 756 715; x_wconf 88' lang='lat' dir='ltr'><strong>ad</strong></span> <span class='ocrx_word' id='word_1_16' title='bbox 779 647 910 717; x_wconf 79' lang='lat' dir='ltr'><strong>uerbum</strong></span> <span class='ocrx_word' id='word_1_17' title='bbox 933 647 1134 739; x_wconf 79' lang='lat' dir='ltr'><strong>descripsisse</strong></span> <span class='ocrx_word' id='word_1_18' title='bbox 1154 669 1233 715; x_wconf 90' lang='lat' dir='ltr'><strong>con·</strong></span> 
     </span>
     <span class='ocr_line' id='line_1_3' title="bbox 167 758 1236 853; baseline 0.004 -27"><span class='ocrx_word' id='word_1_19' title='bbox 167 758 280 839; x_wconf 89' lang='lat' dir='ltr'><strong>tendo,</strong></span> <span class='ocrx_word' id='word_1_20' title='bbox 298 782 395 851; x_wconf 90' lang='lat' dir='ltr'><strong>quem</strong></span> <span class='ocrx_word' id='word_1_21' title='bbox 406 771 510 827; x_wconf 91' lang='lat' dir='ltr'><strong>totum</strong></span> <span class='ocrx_word' id='word_1_22' title='bbox 528 760 562 826; x_wconf 93' lang='lat' dir='ltr'><strong>in</strong></span> <span class='ocrx_word' id='word_1_23' title='bbox 575 759 745 827; x_wconf 85' lang='lat' dir='ltr'><strong>Aemiliani</strong></span> <span class='ocrx_word' id='word_1_24' title='bbox 755 762 961 828; x_wconf 89' lang='lat' dir='ltr'><strong>cunctatione</strong></span> <span class='ocrx_word' id='word_1_25' title='bbox 971 762 1069 829; x_wconf 87' lang='lat' dir='ltr'><strong>luisse</strong></span> <span class='ocrx_word' id='word_1_26' title='bbox 1080 761 1236 853; x_wconf 86' lang='lat' dir='ltr'><strong>suspicor.</strong></span> 
     </span>
     <span class='ocr_line' id='line_1_4' title="bbox 210 873 1233 971; baseline 0.005 -33"><span class='ocrx_word' id='word_1_27' title='bbox 210 873 258 940; x_wconf 88' lang='lat' dir='ltr'><strong>Re</strong></span> <span class='ocrx_word' id='word_1_28' title='bbox 278 896 350 940; x_wconf 87' lang='lat' dir='ltr'><strong>reru</strong></span> <span class='ocrx_word' id='word_1_29' title='bbox 365 895 538 964; x_wconf 88' lang='lat' dir='ltr'><strong>perpaucas</strong></span> <span class='ocrx_word' id='word_1_30' title='bbox 555 896 604 940; x_wconf 89' lang='lat' dir='ltr'><strong>res</strong></span> <span class='ocrx_word' id='word_1_31' title='bbox 624 873 744 940; x_wconf 80' lang='lat' dir='ltr'><strong>Fabius</strong></span> <span class='ocrx_word' id='word_1_32' title='bbox 758 875 888 971; x_wconf 86' lang='lat' dir='ltr'><strong>gessisse</strong></span> <span class='ocrx_word' id='word_1_33' title='bbox 908 874 1047 955; x_wconf 87' lang='lat' dir='ltr'><strong>ridetur,</strong></span> <span class='ocrx_word' id='word_1_34' title='bbox 1068 874 1233 967; x_wconf 87' lang='lat' dir='ltr'><strong>Appianus</strong></span> 
     </span>
    </p>
   </div>
   <div class='ocr_carea' id='block_1_3' title="bbox 163 985 1234 1190">
    <p class='ocr_par' dir='ltr' id='par_1_3' title="bbox 163 985 1234 1190">
     <span class='ocr_line' id='line_1_5' title="bbox 164 985 1234 1069; baseline 0.007 -19"><span class='ocrx_word' id='word_1_35' title='bbox 164 985 279 1052; x_wconf 85' lang='lat' dir='ltr'><strong>saltem</strong></span> <span class='ocrx_word' id='word_1_36' title='bbox 294 985 356 1052; x_wconf 89' lang='lat' dir='ltr'><strong>hoc</strong></span> <span class='ocrx_word' id='word_1_37' title='bbox 371 998 493 1052; x_wconf 90' lang='lat' dir='ltr'><strong>tantum</strong></span> <span class='ocrx_word' id='word_1_38' title='bbox 511 985 551 1052; x_wconf 87' lang='lat' dir='ltr'><strong>de</strong></span> <span class='ocrx_word' id='word_1_39' title='bbox 571 1008 608 1052; x_wconf 87' lang='lat' dir='ltr'><strong>eo</strong></span> <span class='ocrx_word' id='word_1_40' title='bbox 628 985 739 1052; x_wconf 82' lang='lat' dir='ltr'><strong>tradit:</strong></span> <span class='ocrx_word' id='word_1_41' title='bbox 758 988 844 1066; x_wconf 73' lang='grc' dir='ltr'><strong>μετὰ</strong></span> <span class='ocrx_word' id='word_1_42' title='bbox 857 987 1043 1069; x_wconf 65' lang='lat' dir='ltr'><strong>ligatorium</strong></span> <span class='ocrx_word' id='word_1_43' title='bbox 1057 987 1234 1057; x_wconf 80' lang='lat' dir='ltr'><strong>exercitatis</strong></span> 
     </span>
     <span class='ocr_line' id='line_1_6' title="bbox 163 1097 817 1190; baseline 0.005 -26"><span class='ocrx_word' id='word_1_44' title='bbox 163 1097 265 1190; x_wconf 86' lang='lat' dir='ltr'><strong>copiis</strong></span> <span class='ocrx_word' id='word_1_45' title='bbox 288 1098 427 1181; x_wconf 71' lang='lat' dir='ltr'><strong>ledesma</strong></span> <span class='ocrx_word' id='word_1_46' title='bbox 454 1098 605 1180; x_wconf 67' lang='grc' dir='ltr'><strong>τρέπεται</strong></span> <span class='ocrx_word' id='word_1_47' title='bbox 628 1098 817 1170; x_wconf 82' lang='lat' dir='ltr'><strong>Viriathum.</strong></span> 
     </span>
    </p>
   </div>
   <div class='ocr_carea' id='block_1_4' title="bbox 456 1280 945 1366">
    <p class='ocr_par' dir='ltr' id='par_1_4' title="bbox 456 1280 945 1366">
     <span class='ocr_line' id='line_1_7' title="bbox 456 1280 945 1366; baseline 0.01 -23"><span class='ocrx_word' id='word_1_48' title='bbox 456 1281 473 1366; x_wconf 87' lang='lat'>§</span> <span class='ocrx_word' id='word_1_49' title='bbox 499 1282 529 1345; x_wconf 90' lang='lat'><strong>7.</strong></span> <span class='ocrx_word' id='word_1_50' title='bbox 576 1280 649 1346; x_wconf 84' lang='lat' dir='ltr'><strong>Pro</strong></span> <span class='ocrx_word' id='word_1_51' title='bbox 671 1281 803 1347; x_wconf 84' lang='lat' dir='ltr'><strong>consule</strong></span> <span class='ocrx_word' id='word_1_52' title='bbox 826 1282 893 1348; x_wconf 87' lang='grc'><strong>610</strong></span> <span class='ocrx_word' id='word_1_53' title='bbox 919 1291 945 1348; x_wconf 84' lang='lat'><strong>¹.</strong></span> 
     </span>
    </p>
   </div>
   <div class='ocr_carea' id='block_1_5' title="bbox 159 1434 1289 4346">
    <p class='ocr_par' dir='ltr' id='par_1_5' title="bbox 162 1434 1289 2654">
     <span class='ocr_line' id='line_1_8' title="bbox 210 1434 1233 1530; baseline 0.004 -29"><span class='ocrx_word' id='word_1_54' title='bbox 210 1434 407 1503; x_wconf 75' lang='lat' dir='ltr'><strong>Aemilianus</strong></span> <span class='ocrx_word' id='word_1_55' title='bbox 438 1437 583 1528; x_wconf 84' lang='lat' dir='ltr'><strong>sequenti</strong></span> <span class='ocrx_word' id='word_1_56' title='bbox 615 1461 747 1530; x_wconf 86' lang='lat' dir='ltr'><strong>quoque</strong></span> <span class='ocrx_word' id='word_1_57' title='bbox 777 1461 861 1504; x_wconf 89' lang='lat' dir='ltr'><strong>anno</strong></span> <span class='ocrx_word' id='word_1_58' title='bbox 890 1438 924 1504; x_wconf 93' lang='lat' dir='ltr'><strong>in</strong></span> <span class='ocrx_word' id='word_1_59' title='bbox 953 1438 1104 1529; x_wconf 86' lang='lat' dir='ltr'><strong>Hispania</strong></span> <span class='ocrx_word' id='word_1_60' title='bbox 1130 1436 1233 1530; x_wconf 88' lang='lat' dir='ltr'><strong>degit,</strong></span> 
     </span>
     <span class='ocr_line' id='line_1_9' title="bbox 162 1548 1235 1643; baseline 0.003 -29"><span class='ocrx_word' id='word_1_61' title='bbox 162 1549 328 1639; x_wconf 72' lang='lat' dir='ltr'><strong>colligitur</strong></span> <span class='ocrx_word' id='word_1_62' title='bbox 345 1548 427 1619; x_wconf 90' lang='lat' dir='ltr'><strong>illud</strong></span> <span class='ocrx_word' id='word_1_63' title='bbox 448 1573 486 1617; x_wconf 82' lang='lat' dir='ltr'><strong>er</strong></span> <span class='ocrx_word' id='word_1_64' title='bbox 505 1550 671 1619; x_wconf 87' lang='lat' dir='ltr'><strong>historiola</strong></span> <span class='ocrx_word' id='word_1_65' title='bbox 689 1551 843 1642; x_wconf 88' lang='lat' dir='ltr'><strong>quadam,</strong></span> <span class='ocrx_word' id='word_1_66' title='bbox 862 1574 959 1643; x_wconf 87' lang='lat' dir='ltr'><strong>quarn</strong></span> <span class='ocrx_word' id='word_1_67' title='bbox 982 1551 1151 1618; x_wconf 78' lang='lat' dir='ltr'><strong>Valerius²</strong></span> <span class='ocrx_word' id='word_1_68' title='bbox 1169 1564 1235 1618; x_wconf 90' lang='lat' dir='ltr'><strong>tra·</strong></span> 
     </span>
     <span class='ocr_line' id='line_1_10' title="bbox 162 1661 1231 1755; baseline 0.004 -29"><span class='ocrx_word' id='word_1_69' title='bbox 162 1661 263 1743; x_wconf 83' lang='lat' dir='ltr'><strong>didit3</strong></span> <span class='ocrx_word' id='word_1_70' title='bbox 296 1662 358 1728; x_wconf 85' lang='lat' dir='ltr'><strong>init</strong></span> <span class='ocrx_word' id='word_1_71' title='bbox 385 1685 500 1755; x_wconf 85' lang='lat' dir='ltr'><strong>nempe</strong></span> <span class='ocrx_word' id='word_1_72' title='bbox 527 1687 612 1730; x_wconf 89' lang='lat' dir='ltr'><strong>anno</strong></span> <span class='ocrx_word' id='word_1_73' title='bbox 637 1667 703 1730; x_wconf 86' lang='grc'><strong>610</strong></span> <span class='ocrx_word' id='word_1_74' title='bbox 728 1688 844 1755; x_wconf 86' lang='lat' dir='ltr'><strong>magna</strong></span> <span class='ocrx_word' id='word_1_75' title='bbox 870 1665 903 1735; x_wconf 86' lang='lat' dir='ltr'><strong>in</strong></span> <span class='ocrx_word' id='word_1_76' title='bbox 928 1677 1040 1735; x_wconf 86' lang='lat' dir='ltr'><strong>senatu</strong></span> <span class='ocrx_word' id='word_1_77' title='bbox 1061 1665 1231 1744; x_wconf 88' lang='lat' dir='ltr'><strong>dissensio,</strong></span> 
     </span>
     <span class='ocr_line' id='line_1_11' title="bbox 164 1775 1234 1868; baseline 0.002 -27"><span class='ocrx_word' id='word_1_78' title='bbox 164 1786 270 1841; x_wconf 88' lang='lat' dir='ltr'><strong>utrum</strong></span> <span class='ocrx_word' id='word_1_79' title='bbox 290 1798 391 1842; x_wconf 82' lang='lat' dir='ltr'><strong>nouus</strong></span> <span class='ocrx_word' id='word_1_80' title='bbox 409 1777 521 1842; x_wconf 84' lang='lat' dir='ltr'><strong>consul</strong></span> <span class='ocrx_word' id='word_1_81' title='bbox 540 1775 608 1844; x_wconf 87' lang='lat' dir='ltr'><strong>Ser.</strong></span> <span class='ocrx_word' id='word_1_82' title='bbox 628 1776 790 1868; x_wconf 85' lang='lat' dir='ltr'><strong>Sulpicius</strong></span> <span class='ocrx_word' id='word_1_83' title='bbox 809 1777 909 1844; x_wconf 87' lang='lat' dir='ltr'><strong>Galba</strong></span> <span class='ocrx_word' id='word_1_84' title='bbox 925 1802 966 1844; x_wconf 91' lang='lat' dir='ltr'><strong>an</strong></span> <span class='ocrx_word' id='word_1_85' title='bbox 978 1778 1127 1844; x_wconf 75' lang='lat' dir='ltr'><strong>Aurelius</strong></span> <span class='ocrx_word' id='word_1_86' title='bbox 1139 1776 1234 1845; x_wconf 83' lang='lat' dir='ltr'><strong>Cotta</strong></span> 
     </span>
     <span class='ocr_line' id='line_1_12' title="bbox 163 1887 1289 1982; baseline 0.004 -30"><span class='ocrx_word' id='word_1_87' title='bbox 163 1888 196 1955; x_wconf 88' lang='lat' dir='ltr'><strong>in</strong></span> <span class='ocrx_word' id='word_1_88' title='bbox 229 1887 413 1978; x_wconf 85' lang='lat' dir='ltr'><strong>Hispaniam</strong></span> <span class='ocrx_word' id='word_1_89' title='bbox 442 1889 640 1969; x_wconf 86' lang='lat' dir='ltr'><strong>mitteretur,</strong></span> <span class='ocrx_word' id='word_1_90' title='bbox 670 1890 799 1957; x_wconf 84' lang='lat' dir='ltr'><strong>tandem</strong></span> <span class='ocrx_word' id='word_1_91' title='bbox 826 1890 933 1982; x_wconf 82' lang='lat' dir='ltr'><strong>Scipio</strong></span> <span class='ocrx_word' id='word_1_92' title='bbox 954 1892 1151 1959; x_wconf 87' lang='lat' dir='ltr'><strong>Aemilianus</strong></span> <span class='ocrx_word' id='word_1_93' title='bbox 1175 1890 1234 1956; x_wconf 87' lang='lat' dir='ltr'><strong>ob·</strong></span> <span class='ocrx_word' id='word_1_94' title='bbox 1286 1906 1289 1915; x_wconf 94' lang='grc'>’</span> 
     </span>
     <span class='ocr_line' id='line_1_13' title="bbox 162 2000 1236 2081; baseline 0 -12"><span class='ocrx_word' id='word_1_95' title='bbox 162 2000 276 2081; x_wconf 91' lang='lat' dir='ltr'><strong>tinnit,</strong></span> <span class='ocrx_word' id='word_1_96' title='bbox 300 2012 335 2066; x_wconf 90' lang='lat' dir='ltr'><strong>ut</strong></span> <span class='ocrx_word' id='word_1_97' title='bbox 359 2012 472 2067; x_wconf 85' lang='lat' dir='ltr'><strong>uenter</strong></span> <span class='ocrx_word' id='word_1_98' title='bbox 490 2001 566 2080; x_wconf 85' lang='lat' dir='ltr'><strong>iret,</strong></span> <span class='ocrx_word' id='word_1_99' title='bbox 591 2024 666 2067; x_wconf 89' lang='lat' dir='ltr'><strong>nam</strong></span> <span class='ocrx_word' id='word_1_100' title='bbox 690 2001 771 2069; x_wconf 90' lang='lat' dir='ltr'><strong>alter</strong></span> <span class='ocrx_word' id='word_1_101' title='bbox 793 2002 839 2067; x_wconf 89' lang='lat' dir='ltr'><strong>nil</strong></span> <span class='ocrx_word' id='word_1_102' title='bbox 860 2001 1008 2081; x_wconf 88' lang='lat' dir='ltr'><strong>baberet,</strong></span> <span class='ocrx_word' id='word_1_103' title='bbox 1030 2002 1120 2068; x_wconf 84' lang='lat' dir='ltr'><strong>alteri</strong></span> <span class='ocrx_word' id='word_1_104' title='bbox 1151 2002 1236 2069; x_wconf 92' lang='lat' dir='ltr'><strong>nihil</strong></span> 
     </span>
     <span class='ocr_line' id='line_1_14' title="bbox 162 2113 1234 2203; baseline -0.001 -20"><span class='ocrx_word' id='word_1_105' title='bbox 162 2113 236 2183; x_wconf 78' lang='lat' dir='ltr'><strong>satis</strong></span> <span class='ocrx_word' id='word_1_106' title='bbox 256 2126 346 2179; x_wconf 89' lang='lat' dir='ltr'><strong>esset.</strong></span> <span class='ocrx_word' id='word_1_107' title='bbox 393 2113 547 2203; x_wconf 86' lang='lat' dir='ltr'><strong>Sequitur</strong></span> <span class='ocrx_word' id='word_1_108' title='bbox 567 2113 643 2183; x_wconf 90' lang='lat' dir='ltr'><strong>hinc</strong></span> <span class='ocrx_word' id='word_1_109' title='bbox 662 2137 700 2183; x_wconf 82' lang='lat' dir='ltr'><strong>er</strong></span> <span class='ocrx_word' id='word_1_110' title='bbox 719 2126 804 2180; x_wconf 86' lang='lat' dir='ltr'><strong>certa</strong></span> <span class='ocrx_word' id='word_1_111' title='bbox 825 2114 990 2203; x_wconf 87' lang='lat' dir='ltr'><strong>analogia,</strong></span> <span class='ocrx_word' id='word_1_112' title='bbox 1008 2114 1132 2181; x_wconf 86' lang='lat' dir='ltr'><strong>etiamsi</strong></span> <span class='ocrx_word' id='word_1_113' title='bbox 1149 2115 1234 2182; x_wconf 87' lang='lat' dir='ltr'><strong>illud</strong></span> 
     </span>
     <span class='ocr_line' id='line_1_15' title="bbox 163 2222 1234 2317; baseline 0.005 -28"><span class='ocrx_word' id='word_1_114' title='bbox 163 2222 204 2289; x_wconf 88' lang='lat' dir='ltr'><strong>de</strong></span> <span class='ocrx_word' id='word_1_115' title='bbox 234 2224 333 2290; x_wconf 83' lang='lat' dir='ltr'><strong>Fabio</strong></span> <span class='ocrx_word' id='word_1_116' title='bbox 362 2247 426 2290; x_wconf 89' lang='lat' dir='ltr'><strong>nun</strong></span> <span class='ocrx_word' id='word_1_117' title='bbox 455 2225 628 2290; x_wconf 90' lang='lat' dir='ltr'><strong>memoriae</strong></span> <span class='ocrx_word' id='word_1_118' title='bbox 649 2224 800 2291; x_wconf 88' lang='lat' dir='ltr'><strong>traditum</strong></span> <span class='ocrx_word' id='word_1_119' title='bbox 821 2225 874 2303; x_wconf 90' lang='lat' dir='ltr'><strong>sit,</strong></span> <span class='ocrx_word' id='word_1_120' title='bbox 900 2235 936 2288; x_wconf 91' lang='lat' dir='ltr'><strong>ut</strong></span> <span class='ocrx_word' id='word_1_121' title='bbox 959 2224 1138 2291; x_wconf 89' lang='lat' dir='ltr'><strong>Aemiliano</strong></span> <span class='ocrx_word' id='word_1_122' title='bbox 1156 2251 1234 2317; x_wconf 91' lang='lat' dir='ltr'><strong>pro·</strong></span> 
     </span>
     <span class='ocr_line' id='line_1_16' title="bbox 162 2335 1233 2430; baseline 0.001 -25"><span class='ocrx_word' id='word_1_123' title='bbox 162 2336 265 2405; x_wconf 77' lang='lat' dir='ltr'><strong>vincia</strong></span> <span class='ocrx_word' id='word_1_124' title='bbox 282 2350 450 2426; x_wconf 89' lang='lat' dir='ltr'><strong>prorogata</strong></span> <span class='ocrx_word' id='word_1_125' title='bbox 468 2337 579 2416; x_wconf 86' lang='lat' dir='ltr'><strong>luerit,</strong></span> <span class='ocrx_word' id='word_1_126' title='bbox 595 2336 682 2427; x_wconf 87' lang='lat' dir='ltr'><strong>quod</strong></span> <span class='ocrx_word' id='word_1_127' title='bbox 701 2349 737 2402; x_wconf 90' lang='lat' dir='ltr'><strong>ut</strong></span> <span class='ocrx_word' id='word_1_128' title='bbox 755 2337 846 2402; x_wconf 86' lang='lat' dir='ltr'><strong>fratri</strong></span> <span class='ocrx_word' id='word_1_129' title='bbox 863 2335 1107 2417; x_wconf 84' lang='lat' dir='ltr'><strong>concederetur,</strong></span> <span class='ocrx_word' id='word_1_130' title='bbox 1124 2336 1233 2430; x_wconf 90' lang='lat' dir='ltr'><strong>Scipio</strong></span> 
     </span>
     <span class='ocr_line' id='line_1_17' title="bbox 164 2449 1235 2541; baseline 0.004 -27"><span class='ocrx_word' id='word_1_131' title='bbox 164 2471 234 2515; x_wconf 84' lang='lat' dir='ltr'><strong>eam</strong></span> <span class='ocrx_word' id='word_1_132' title='bbox 259 2450 390 2541; x_wconf 80' lang='lat' dir='ltr'><strong>fortasse</strong></span> <span class='ocrx_word' id='word_1_133' title='bbox 413 2451 494 2516; x_wconf 80' lang='lat' dir='ltr'><strong>dixit</strong></span> <span class='ocrx_word' id='word_1_134' title='bbox 515 2451 724 2529; x_wconf 87' lang='lat' dir='ltr'><strong>seutentiam,</strong></span> <span class='ocrx_word' id='word_1_135' title='bbox 747 2472 811 2540; x_wconf 86' lang='lat' dir='ltr'><strong>qua</strong></span> <span class='ocrx_word' id='word_1_136' title='bbox 834 2449 925 2515; x_wconf 86' lang='lat' dir='ltr'><strong>fratri</strong></span> <span class='ocrx_word' id='word_1_137' title='bbox 946 2451 1044 2541; x_wconf 89' lang='lat' dir='ltr'><strong>magis</strong></span> <span class='ocrx_word' id='word_1_138' title='bbox 1063 2450 1235 2518; x_wconf 88' lang='lat' dir='ltr'><strong>indulserit</strong></span> 
     </span>
     <span class='ocr_line' id='line_1_18' title="bbox 163 2561 990 2654; baseline 0.001 -28"><span class='ocrx_word' id='word_1_139' title='bbox 163 2585 260 2652; x_wconf 80' lang='lat' dir='ltr'><strong>quam</strong></span> <span class='ocrx_word' id='word_1_140' title='bbox 281 2563 423 2642; x_wconf 83' lang='lat' dir='ltr'><strong>veritati,</strong></span> <span class='ocrx_word' id='word_1_141' title='bbox 448 2562 535 2654; x_wconf 88' lang='lat' dir='ltr'><strong>quod</strong></span> <span class='ocrx_word' id='word_1_142' title='bbox 560 2562 723 2629; x_wconf 89' lang='lat' dir='ltr'><strong>Valerium</strong></span> <span class='ocrx_word' id='word_1_143' title='bbox 743 2563 854 2651; x_wconf 89' lang='lat' dir='ltr'><strong>lugere</strong></span> <span class='ocrx_word' id='word_1_144' title='bbox 873 2561 990 2652; x_wconf 88' lang='lat' dir='ltr'><strong>potuit.</strong></span> 
     </span>
    </p>

    <p class='ocr_par' dir='ltr' id='par_1_6' title="bbox 159 2674 1235 4346">
     <span class='ocr_line' id='line_1_19' title="bbox 208 2674 1233 2766; baseline 0.003 -27"><span class='ocrx_word' id='word_1_145' title='bbox 208 2675 283 2742; x_wconf 87' lang='lat' dir='ltr'><strong>Post</strong></span> <span class='ocrx_word' id='word_1_146' title='bbox 313 2675 452 2742; x_wconf 90' lang='lat' dir='ltr'><strong>hiemem</strong></span> <span class='ocrx_word' id='word_1_147' title='bbox 475 2676 572 2766; x_wconf 89' lang='lat' dir='ltr'><strong>igitur</strong></span> <span class='ocrx_word' id='word_1_148' title='bbox 580 2724 589 2755; x_wconf 97' lang='lat'><strong>,</strong></span> <span class='ocrx_word' id='word_1_149' title='bbox 609 2698 710 2765; x_wconf 87' lang='lat' dir='ltr'><strong>quum</strong></span> <span class='ocrx_word' id='word_1_150' title='bbox 728 2675 904 2741; x_wconf 82' lang='lat' dir='ltr'><strong>exercitum</strong></span> <span class='ocrx_word' id='word_1_151' title='bbox 924 2698 1016 2741; x_wconf 88' lang='lat' dir='ltr'><strong>suum</strong></span> <span class='ocrx_word' id='word_1_152' title='bbox 1043 2674 1118 2742; x_wconf 91' lang='lat' dir='ltr'><strong>satis</strong></span> <span class='ocrx_word' id='word_1_153' title='bbox 1143 2698 1233 2743; x_wconf 84' lang='lat' dir='ltr'><strong>erer-</strong></span> 
     </span>
     <span class='ocr_line' id='line_1_20' title="bbox 162 2786 1234 2877; baseline 0 -23"><span class='ocrx_word' id='word_1_154' title='bbox 162 2789 295 2869; x_wconf 90' lang='lat' dir='ltr'><strong>cuisset,</strong></span> <span class='ocrx_word' id='word_1_155' title='bbox 318 2812 384 2855; x_wconf 88' lang='lat' dir='ltr'><strong>nou</strong></span> <span class='ocrx_word' id='word_1_156' title='bbox 403 2788 524 2854; x_wconf 91' lang='lat' dir='ltr'><strong>diutius</strong></span> <span class='ocrx_word' id='word_1_157' title='bbox 550 2810 690 2877; x_wconf 90' lang='lat' dir='ltr'><strong>pugnam</strong></span> <span class='ocrx_word' id='word_1_158' title='bbox 719 2786 845 2853; x_wconf 85' lang='lat' dir='ltr'><strong>differre</strong></span> <span class='ocrx_word' id='word_1_159' title='bbox 875 2810 970 2854; x_wconf 85' lang='lat' dir='ltr'><strong>ausus</strong></span> <span class='ocrx_word' id='word_1_160' title='bbox 998 2811 1064 2862; x_wconf 83' lang='lat' dir='ltr'><strong>csse</strong></span> <span class='ocrx_word' id='word_1_161' title='bbox 1093 2788 1234 2869; x_wconf 85' lang='lat' dir='ltr'><strong>ridetur,</strong></span> 
     </span>
     <span class='ocr_line' id='line_1_21' title="bbox 163 2896 1235 2993; baseline 0 -25"><span class='ocrx_word' id='word_1_162' title='bbox 163 2900 253 2993; x_wconf 88' lang='lat' dir='ltr'><strong>atqui</strong></span> <span class='ocrx_word' id='word_1_163' title='bbox 271 2923 386 2966; x_wconf 90' lang='lat' dir='ltr'><strong>manns</strong></span> <span class='ocrx_word' id='word_1_164' title='bbox 406 2921 479 2964; x_wconf 87' lang='lat' dir='ltr'><strong>eum</strong></span> <span class='ocrx_word' id='word_1_165' title='bbox 501 2896 645 2964; x_wconf 81' lang='lat' dir='ltr'><strong>Viriatho</strong></span> <span class='ocrx_word' id='word_1_166' title='bbox 669 2898 844 2979; x_wconf 88' lang='lat' dir='ltr'><strong>conseruit,</strong></span> <span class='ocrx_word' id='word_1_167' title='bbox 866 2922 962 2990; x_wconf 90' lang='lat' dir='ltr'><strong>quem</strong></span> <span class='ocrx_word' id='word_1_168' title='bbox 983 2912 1053 2991; x_wconf 89' lang='lat' dir='ltr'><strong>post</strong></span> <span class='ocrx_word' id='word_1_169' title='bbox 1073 2913 1235 2969; x_wconf 87' lang='lat' dir='ltr'><strong>strenuam</strong></span> 
     </span>
     <span class='ocr_line' id='line_1_22' title="bbox 160 3009 1235 3106; baseline 0 -26"><span class='ocrx_word' id='word_1_170' title='bbox 160 3036 303 3106; x_wconf 89' lang='lat' dir='ltr'><strong>pugnam</strong></span> <span class='ocrx_word' id='word_1_171' title='bbox 323 3012 459 3094; x_wconf 74' lang='grc' dir='ltr'><strong>δεύτερος</strong></span> <span class='ocrx_word' id='word_1_172' title='bbox 480 3009 531 3079; x_wconf 73' lang='grc' dir='ltr'><strong>ὅδε</strong></span> <span class='ocrx_word' id='word_1_173' title='bbox 552 3012 585 3076; x_wconf 95' lang='lat' dir='ltr'><strong>in</strong></span> <span class='ocrx_word' id='word_1_174' title='bbox 616 3012 725 3101; x_wconf 87' lang='lat' dir='ltr'><strong>lugam</strong></span> <span class='ocrx_word' id='word_1_175' title='bbox 755 3013 858 3079; x_wconf 82' lang='lat' dir='ltr'><strong>vertit.</strong></span> <span class='ocrx_word' id='word_1_176' title='bbox 908 3012 949 3078; x_wconf 85' lang='lat' dir='ltr'><strong>At</strong></span> <span class='ocrx_word' id='word_1_177' title='bbox 975 3012 1054 3103; x_wconf 89' lang='lat' dir='ltr'><strong>quid</strong></span> <span class='ocrx_word' id='word_1_178' title='bbox 1081 3024 1128 3079; x_wconf 90' lang='lat' dir='ltr'><strong>est</strong></span> <span class='ocrx_word' id='word_1_179' title='bbox 1150 3013 1235 3080; x_wconf 90' lang='lat' dir='ltr'><strong>illud</strong></span> 
     </span>
     <span class='ocr_line' id='line_1_23' title="bbox 160 3123 1232 3215; baseline 0 -23"><span class='ocrx_word' id='word_1_180' title='bbox 160 3126 325 3208; x_wconf 71' lang='lat' dir='ltr'><strong>badrepor?</strong></span> <span class='ocrx_word' id='word_1_181' title='bbox 367 3125 470 3192; x_wconf 80' lang='lat' dir='ltr'><strong>Vertit</strong></span> <span class='ocrx_word' id='word_1_182' title='bbox 500 3124 631 3215; x_wconf 89' lang='lat' dir='ltr'><strong>aliquis:</strong></span> <span class='ocrx_word' id='word_1_183' title='bbox 657 3123 845 3190; x_wconf 84' lang='lat' dir='ltr'><strong>»secundus</strong></span> <span class='ocrx_word' id='word_1_184' title='bbox 864 3124 926 3190; x_wconf 84' lang='lat' dir='ltr'><strong>luit</strong></span> <span class='ocrx_word' id='word_1_185' title='bbox 949 3148 966 3190; x_wconf 90' lang='lat' dir='ltr'><strong>a</strong></span> <span class='ocrx_word' id='word_1_186' title='bbox 987 3148 1052 3215; x_wconf 89' lang='lat' dir='ltr'><strong>qun</strong></span> <span class='ocrx_word' id='word_1_187' title='bbox 1069 3124 1232 3192; x_wconf 77' lang='lat' dir='ltr'><strong>Viriathus</strong></span> 
     </span>
     <span class='ocr_line' id='line_1_24' title="bbox 161 3236 1232 3328; baseline 0.001 -23"><span class='ocrx_word' id='word_1_188' title='bbox 161 3240 250 3306; x_wconf 85' lang='lat' dir='ltr'><strong>fusus</strong></span> <span class='ocrx_word' id='word_1_189' title='bbox 262 3243 347 3319; x_wconf 88' lang='lat' dir='ltr'><strong>est,&#39;’</strong></span> <span class='ocrx_word' id='word_1_190' title='bbox 366 3238 421 3306; x_wconf 88' lang='lat' dir='ltr'><strong>sed</strong></span> <span class='ocrx_word' id='word_1_191' title='bbox 443 3238 601 3305; x_wconf 86' lang='lat' dir='ltr'><strong>verissime</strong></span> <span class='ocrx_word' id='word_1_192' title='bbox 620 3237 921 3328; x_wconf 78' lang='lat' dir='ltr'><strong>Schweigh&#39;auserus</strong></span> <span class='ocrx_word' id='word_1_193' title='bbox 940 3236 1085 3304; x_wconf 72' lang='lat' dir='ltr'><strong>observat</strong></span> <span class='ocrx_word' id='word_1_194' title='bbox 1103 3238 1136 3303; x_wconf 89' lang='lat' dir='ltr'><strong>in</strong></span> <span class='ocrx_word' id='word_1_195' title='bbox 1148 3240 1232 3306; x_wconf 88' lang='lat' dir='ltr'><strong>notis</strong></span> 
     </span>
     <span class='ocr_line' id='line_1_25' title="bbox 162 3350 1232 3443; baseline -0.003 -22"><span class='ocrx_word' id='word_1_196' title='bbox 162 3352 311 3421; x_wconf 83' lang='lat' dir='ltr'><strong>adhunc</strong></span> <span class='ocrx_word' id='word_1_197' title='bbox 331 3353 458 3433; x_wconf 89' lang='lat' dir='ltr'><strong>locum,</strong></span> <span class='ocrx_word' id='word_1_198' title='bbox 488 3352 670 3443; x_wconf 84' lang='lat' dir='ltr'><strong>Appianum</strong></span> <span class='ocrx_word' id='word_1_199' title='bbox 702 3352 749 3418; x_wconf 90' lang='lat' dir='ltr'><strong>ull</strong></span> <span class='ocrx_word' id='word_1_200' title='bbox 774 3352 933 3419; x_wconf 89' lang='lat' dir='ltr'><strong>monuisse</strong></span> <span class='ocrx_word' id='word_1_201' title='bbox 954 3350 994 3416; x_wconf 89' lang='lat' dir='ltr'><strong>de</strong></span> <span class='ocrx_word' id='word_1_202' title='bbox 1012 3350 1118 3440; x_wconf 90' lang='lat' dir='ltr'><strong>priore</strong></span> <span class='ocrx_word' id='word_1_203' title='bbox 1139 3351 1232 3418; x_wconf 84' lang='lat' dir='ltr'><strong>clade</strong></span> 
     </span>
     <span class='ocr_line' id='line_1_26' title="bbox 160 3462 1229 3557; baseline 0.002 -28"><span class='ocrx_word' id='word_1_204' title='bbox 160 3466 317 3546; x_wconf 85' lang='lat' dir='ltr'><strong>Viriathi,</strong></span> <span class='ocrx_word' id='word_1_205' title='bbox 341 3489 400 3535; x_wconf 89' lang='lat' dir='ltr'><strong>nec</strong></span> <span class='ocrx_word' id='word_1_206' title='bbox 430 3488 510 3557; x_wconf 91' lang='lat' dir='ltr'><strong>opus</strong></span> <span class='ocrx_word' id='word_1_207' title='bbox 540 3487 607 3532; x_wconf 88' lang='lat' dir='ltr'><strong>esse</strong></span> <span class='ocrx_word' id='word_1_208' title='bbox 633 3464 759 3532; x_wconf 81' lang='lat' dir='ltr'><strong>ridetur</strong></span> <span class='ocrx_word' id='word_1_209' title='bbox 785 3477 821 3530; x_wconf 89' lang='lat' dir='ltr'><strong>ut</strong></span> <span class='ocrx_word' id='word_1_210' title='bbox 843 3486 916 3530; x_wconf 89' lang='lat' dir='ltr'><strong>cum</strong></span> <span class='ocrx_word' id='word_1_211' title='bbox 944 3462 1229 3554; x_wconf 82' lang='lat' dir='ltr'><strong>Schweigh‘ausero</strong></span> 
     </span>
     <span class='ocr_line' id='line_1_27' title="bbox 160 3576 1229 3671; baseline -0.002 -25"><span class='ocrx_word' id='word_1_212' title='bbox 160 3580 339 3669; x_wconf 76' lang='lat' dir='ltr'><strong>cogitemus</strong></span> <span class='ocrx_word' id='word_1_213' title='bbox 366 3578 490 3671; x_wconf 88' lang='lat' dir='ltr'><strong>aliquid</strong></span> <span class='ocrx_word' id='word_1_214' title='bbox 519 3603 557 3646; x_wconf 81' lang='lat' dir='ltr'><strong>ex</strong></span> <span class='ocrx_word' id='word_1_215' title='bbox 576 3578 842 3671; x_wconf 88' lang='lat' dir='ltr'><strong>praecedentibus</strong></span> <span class='ocrx_word' id='word_1_216' title='bbox 861 3577 1000 3669; x_wconf 87' lang='lat' dir='ltr'><strong>periisse.</strong></span> <span class='ocrx_word' id='word_1_217' title='bbox 1049 3576 1139 3643; x_wconf 89' lang='lat' dir='ltr'><strong>Alius</strong></span> <span class='ocrx_word' id='word_1_218' title='bbox 1157 3601 1229 3644; x_wconf 83' lang='lat' dir='ltr'><strong>ver·</strong></span> 
     </span>
     <span class='ocr_line' id='line_1_28' title="bbox 162 3689 1229 3783; baseline -0.001 -26"><span class='ocrx_word' id='word_1_219' title='bbox 162 3703 260 3759; x_wconf 83' lang='lat' dir='ltr'><strong>terata</strong></span> <span class='ocrx_word' id='word_1_220' title='bbox 293 3692 481 3761; x_wconf 85' lang='lat' dir='ltr'><strong>»secundus</strong></span> <span class='ocrx_word' id='word_1_221' title='bbox 507 3692 573 3783; x_wconf 89' lang='lat' dir='ltr'><strong>ipse</strong></span> <span class='ocrx_word' id='word_1_222' title='bbox 599 3692 633 3758; x_wconf 93' lang='lat' dir='ltr'><strong>in</strong></span> <span class='ocrx_word' id='word_1_223' title='bbox 654 3693 763 3782; x_wconf 85' lang='lat' dir='ltr'><strong>fugam</strong></span> <span class='ocrx_word' id='word_1_224' title='bbox 783 3692 909 3771; x_wconf 79' lang='lat' dir='ltr'><strong>vertit&#39;&#39;,</strong></span> <span class='ocrx_word' id='word_1_225' title='bbox 934 3689 1019 3781; x_wconf 88' lang='lat' dir='ltr'><strong>qnod</strong></span> <span class='ocrx_word' id='word_1_226' title='bbox 1040 3714 1077 3759; x_wconf 81' lang='lat' dir='ltr'><strong>ex</strong></span> <span class='ocrx_word' id='word_1_227' title='bbox 1097 3713 1229 3782; x_wconf 91' lang='lat' dir='ltr'><strong>praece·</strong></span> 
     </span>
     <span class='ocr_line' id='line_1_29' title="bbox 163 3802 1231 3897; baseline -0.002 -26"><span class='ocrx_word' id='word_1_228' title='bbox 163 3805 316 3872; x_wconf 90' lang='lat' dir='ltr'><strong>dentibus</strong></span> <span class='ocrx_word' id='word_1_229' title='bbox 343 3807 388 3871; x_wconf 91' lang='lat' dir='ltr'><strong>ita</strong></span> <span class='ocrx_word' id='word_1_230' title='bbox 417 3805 640 3897; x_wconf 84' lang='lat' dir='ltr'><strong>explicandum</strong></span> <span class='ocrx_word' id='word_1_231' title='bbox 660 3816 762 3884; x_wconf 87' lang='lat' dir='ltr'><strong>esset,</strong></span> <span class='ocrx_word' id='word_1_232' title='bbox 786 3805 851 3871; x_wconf 87' lang='lat' dir='ltr'><strong>acsi</strong></span> <span class='ocrx_word' id='word_1_233' title='bbox 871 3814 1050 3894; x_wconf 85' lang='lat' dir='ltr'><strong>opponatur</strong></span> <span class='ocrx_word' id='word_1_234' title='bbox 1069 3802 1155 3869; x_wconf 89' lang='lat' dir='ltr'><strong>cladi</strong></span> <span class='ocrx_word' id='word_1_235' title='bbox 1174 3826 1231 3869; x_wconf 81' lang='lat' dir='ltr'><strong>eo·</strong></span> 
     </span>
     <span class='ocr_line' id='line_1_30' title="bbox 160 3914 1230 4006; baseline 0 -24"><span class='ocrx_word' id='word_1_236' title='bbox 160 3938 232 3983; x_wconf 86' lang='lat' dir='ltr'><strong>rum</strong></span> <span class='ocrx_word' id='word_1_237' title='bbox 259 3917 316 4006; x_wconf 91' lang='lat' dir='ltr'><strong>qni</strong></span> <span class='ocrx_word' id='word_1_238' title='bbox 341 3916 501 4006; x_wconf 89' lang='lat' dir='ltr'><strong>lignatum</strong></span> <span class='ocrx_word' id='word_1_239' title='bbox 524 3916 688 3995; x_wconf 85' lang='lat' dir='ltr'><strong>obierant,</strong></span> <span class='ocrx_word' id='word_1_240' title='bbox 712 3937 795 4005; x_wconf 91' lang='lat' dir='ltr'><strong>quae</strong></span> <span class='ocrx_word' id='word_1_241' title='bbox 819 3927 925 3981; x_wconf 89' lang='lat' dir='ltr'><strong>autem</strong></span> <span class='ocrx_word' id='word_1_242' title='bbox 945 3914 1115 4005; x_wconf 85' lang='lat' dir='ltr'><strong>explicatio</strong></span> <span class='ocrx_word' id='word_1_243' title='bbox 1135 3916 1230 3983; x_wconf 87' lang='lat' dir='ltr'><strong>nimis</strong></span> 
     </span>
     <span class='ocr_line' id='line_1_31' title="bbox 161 4023 1230 4121; baseline 0 -26"><span class='ocrx_word' id='word_1_244' title='bbox 161 4041 319 4097; x_wconf 83' lang='lat' dir='ltr'><strong>contorta.</strong></span> <span class='ocrx_word' id='word_1_245' title='bbox 356 4027 517 4121; x_wconf 82' lang='lat' dir='ltr'><strong>Equidem</strong></span> <span class='ocrx_word' id='word_1_246' title='bbox 538 4027 681 4118; x_wconf 88' lang='lat' dir='ltr'><strong>suspicor</strong></span> <span class='ocrx_word' id='word_1_247' title='bbox 699 4025 781 4092; x_wconf 88' lang='lat' dir='ltr'><strong>illud</strong></span> <span class='ocrx_word' id='word_1_248' title='bbox 802 4025 939 4107; x_wconf 74' lang='grc' dir='ltr'><strong>δεύτερος</strong></span> <span class='ocrx_word' id='word_1_249' title='bbox 960 4023 1012 4093; x_wconf 76' lang='grc' dir='ltr'><strong>ὅδε</strong></span> <span class='ocrx_word' id='word_1_250' title='bbox 1032 4049 1068 4092; x_wconf 82' lang='lat' dir='ltr'><strong>ex</strong></span> <span class='ocrx_word' id='word_1_251' title='bbox 1087 4028 1230 4117; x_wconf 79' lang='lat' dir='ltr'><strong>margine</strong></span> 
     </span>
     <span class='ocr_line' id='line_1_32' title="bbox 159 4138 1229 4233; baseline 0.001 -27"><span class='ocrx_word' id='word_1_252' title='bbox 159 4141 323 4233; x_wconf 85' lang='lat' dir='ltr'><strong>irrepsisse</strong></span> <span class='ocrx_word' id='word_1_253' title='bbox 351 4152 385 4205; x_wconf 90' lang='lat' dir='ltr'><strong>et</strong></span> <span class='ocrx_word' id='word_1_254' title='bbox 413 4140 475 4206; x_wconf 88' lang='lat' dir='ltr'><strong>sibi</strong></span> <span class='ocrx_word' id='word_1_255' title='bbox 504 4140 639 4206; x_wconf 78' lang='lat' dir='ltr'><strong>soluisse</strong></span> <span class='ocrx_word' id='word_1_256' title='bbox 669 4139 783 4206; x_wconf 89' lang='lat' dir='ltr'><strong>scholii</strong></span> <span class='ocrx_word' id='word_1_257' title='bbox 814 4152 976 4206; x_wconf 84' lang='lat' dir='ltr'><strong>auctorem</strong></span> <span class='ocrx_word' id='word_1_258' title='bbox 1003 4138 1065 4206; x_wconf 91' lang='lat' dir='ltr'><strong>hoc</strong></span> <span class='ocrx_word' id='word_1_259' title='bbox 1089 4141 1229 4208; x_wconf 89' lang='lat' dir='ltr'><strong>secundo</strong></span> 
     </span>
     <span class='ocr_line' id='line_1_33' title="bbox 162 4252 1229 4346; baseline -0.001 -23"><span class='ocrx_word' id='word_1_260' title='bbox 162 4279 247 4323; x_wconf 88' lang='lat' dir='ltr'><strong>anno</strong></span> <span class='ocrx_word' id='word_1_261' title='bbox 277 4252 442 4345; x_wconf 71' lang='grc' dir='ltr'><strong>(ἐνιαυτός)</strong></span> <span class='ocrx_word' id='word_1_262' title='bbox 466 4254 593 4346; x_wconf 85' lang='lat' dir='ltr'><strong>imperii</strong></span> <span class='ocrx_word' id='word_1_263' title='bbox 615 4254 785 4320; x_wconf 88' lang='lat' dir='ltr'><strong>Aemiliani</strong></span> <span class='ocrx_word' id='word_1_264' title='bbox 805 4252 975 4333; x_wconf 87' lang='lat' dir='ltr'><strong>accidisse,</strong></span> <span class='ocrx_word' id='word_1_265' title='bbox 997 4266 1071 4345; x_wconf 89' lang='lat' dir='ltr'><strong>post</strong></span> <span class='ocrx_word' id='word_1_266' title='bbox 1090 4253 1229 4322; x_wconf 90' lang='lat' dir='ltr'><strong>hiemem</strong></span> 
     </span>
    </p>
   </div>
   <div class='ocr_carea' id='block_1_6' title="bbox 192 4501 1138 4652">
    <p class='ocr_par' dir='ltr' id='par_1_7' title="bbox 192 4501 1138 4652">
     <span class='ocr_line' id='line_1_34' title="bbox 192 4501 1042 4577; baseline -0.006 -18"><span class='ocrx_word' id='word_1_267' title='bbox 192 4507 213 4577; x_wconf 78' lang='lat' dir='ltr'><strong>u</strong></span> <span class='ocrx_word' id='word_1_268' title='bbox 229 4506 299 4573; x_wconf 62' lang='lat' dir='ltr'><strong>App</strong></span> <span class='ocrx_word' id='word_1_269' title='bbox 318 4501 393 4573; x_wconf 69' lang='lat' dir='ltr'><strong>usp.</strong></span> <span class='ocrx_word' id='word_1_270' title='bbox 411 4509 457 4566; x_wconf 67' lang='lat' dir='ltr'><strong>cn</strong></span> <span class='ocrx_word' id='word_1_271' title='bbox 475 4505 549 4557; x_wconf 81' lang='lat' dir='ltr'><strong>uror.</strong></span> <span class='ocrx_word' id='word_1_272' title='bbox 567 4506 617 4563; x_wconf 76' lang='lat' dir='ltr'><strong>sa.</strong></span> <span class='ocrx_word' id='word_1_273' title='bbox 636 4506 770 4559; x_wconf 76' lang='lat' dir='ltr'><strong>xxxin.</strong></span> <span class='ocrx_word' id='word_1_274' title='bbox 792 4511 814 4556; x_wconf 88' lang='lat'><strong>1.</strong></span> <span class='ocrx_word' id='word_1_275' title='bbox 867 4502 887 4571; x_wconf 80' lang='lat'><strong>²)</strong></span> <span class='ocrx_word' id='word_1_276' title='bbox 905 4505 954 4557; x_wconf 89' lang='lat' dir='ltr'><strong>v1.</strong></span> <span class='ocrx_word' id='word_1_277' title='bbox 974 4509 1000 4557; x_wconf 83' lang='lat' dir='ltr'><strong>r.</strong></span> <span class='ocrx_word' id='word_1_278' title='bbox 1018 4510 1042 4556; x_wconf 82' lang='lat'><strong>2.</strong></span> 
     </span>
     <span class='ocr_line' id='line_1_35' title="bbox 1066 4589 1138 4652; baseline 0.028 -2"><span class='ocrx_word' id='word_1_279' title='bbox 1066 4589 1109 4652; x_wconf 83' lang='lat'><strong>25</strong></span> <span class='ocrx_word' id='word_1_280' title='bbox 1123 4590 1138 4620; x_wconf 76' lang='grc'>’</span> 
     </span>
    </p>
   </div>
   <div class='ocr_carea' id='block_1_7' title="bbox 0 0 1600 5304">
    <p class='ocr_par' dir='ltr' id='par_1_8' title="bbox 0 0 1600 5304">
     <span class='ocr_line' id='line_1_36' title="bbox 0 0 1600 5304; baseline 0 0"><span class='ocrx_word' id='word_1_281' title='bbox 0 0 1600 5304; x_wconf 95' lang='lat' dir='ltr'><strong> </strong></span> 
     </span>
    </p>
   </div>
  </div>
 </body>
</html>
