3212 5294
303 406 363 468 226
410 421 440 468 u.
451 422 554 466 riorus
566 423 598 467 rr.
610 423 636 466 r.
648 422 679 465 u.
691 422 720 465 n.
731 421 826 466 sunno
837 403 911 487 (35).
926 399 986 482 52.
1002 422 1132 466 suerrus
1143 424 1161 465 s
1172 425 1274 471 rrrna.

308 601 353 691 git
373 600 426 666 bio
445 601 613 692 paululum
635 601 783 690 antiquus
804 599 860 665 ille
881 599 1099 666 Romanorum
1123 601 1285 690 improbae
1303 602 1374 669 lau·

311 714 358 780 dis
378 716 473 780 etiarn
494 712 534 779 de
553 713 730 804 parricidiis
751 713 919 803 appetitus.
968 710 1050 777 Nam
1077 712 1193 782 Fabius
1217 718 1379 782 censorius

309 827 444 892 Fabium
466 830 663 906 Buteonem,
688 827 791 892 lilium
813 849 921 906 suum,
944 825 1021 892 lurti
1041 826 1261 895 insimulatum
1279 830 1380 896 inter-

309 940 402 1022 fecit,
425 941 559 1032 dignum
578 941 700 1006 scilieet
730 940 872 1020 facinus,
901 939 988 1030 quod
1017 951 1108 1030 pater
1133 941 1183 1008 rel
1207 944 1379 1033 parricidio

308 1055 516 1146 plectendum
548 1056 695 1135 duceret,
738 1055 825 1146 quod
862 1057 944 1144 leges
974 1052 1124 1144 quidem,
1165 1055 1226 1121 nisi
1259 1057 1379 1123 multae

309 1171 464 1260 pecuniae
485 1181 539 1234 aut
560 1168 600 1235 ad
619 1191 779 1234 summum
796 1168 897 1234 exsilii
914 1169 997 1233 circa
1017 1167 1194 1258 quemlibet
1213 1168 1380 1237 hominum

308 1286 529 1349 censuerunt.”

358 1396 468 1462 Tradit
496 1394 558 1461 hoo
583 1393 712 1461 Orosius
735 1396 884 1462 ultimum
907 1406 980 1459 ante
1004 1392 1130 1460 bellum
1150 1394 1308 1462 Punicum
1328 1396 1381 1475 Il,

309 1521 382 1600 post
403 1508 605 1574 consulatum
624 1508 793 1587 Flaminii,
813 1519 946 1596 vagatur
963 1529 1037 1596 ergo
1055 1506 1139 1571 intra
1160 1511 1222 1573 531
1246 1519 1278 1573 et
1299 1516 1380 1592 5363

312 1623 388 1687 hino
407 1622 503 1688 eredo
524 1634 668 1687 nostrum
689 1645 705 1686 a
724 1632 814 1711 patre
833 1618 982 1685 necatum
1002 1618 1099 1710 paulo
1121 1633 1293 1711 postquam
1310 1645 1382 1690 me·

310 1737 405 1826 gister
437 1736 584 1826 equitum
616 1735 739 1800 luisset.
785 1734 833 1800 De
863 1734 932 1824 ipso
967 1733 1035 1798 iure
1067 1732 1188 1822 patriae
1217 1738 1382 1825 potestatis

313 1848 462 1941 equidem
493 1871 557 1914 non
584 1847 707 1914 docebo
736 1847 906 1926 lectorem,
929 1844 1066 1911 sufficiat
1085 1847 1230 1938 exempla
1249 1850 1381 1941 analoga

316 1975 495 2028 annotasse:
522 1962 631 2039 Bruti,
662 1959 780 2040 Cassii,
807 1959 933 2039 Scauri,
956 1958 1083 2037 Manlii,
1108 1958 1143 2024 T.
1175 1961 1254 2026 Arrii
1286 1964 1381 2052 (737)

315 2077 371 2166 qui
399 2075 502 2139 lilium
531 2073 642 2140 exsilio
665 2073 844 2150 damnavit,
867 2072 901 2138 P.
924 2071 1016 2137 Atilii
1035 2069 1179 2150 Philisci,
1203 2076 1259 2164 qui
1280 2076 1380 2143 liliam

316 2188 478 2254 interemit
515 2188 617 2277 stupri
651 2209 760 2264 causa,
796 2189 876 2277 dPP·
907 2183 1048 2263 Claudii,
1085 2185 1189 2251 Pontii
1216 2187 1383 2270 Aufidani,

318 2301 355 2386 Q.
378 2301 469 2366 Fabii
488 2299 618 2365 Maximi
639 2299 760 2364 liburni
784 2303 872 2383 (51),
890 2311 922 2363 et
944 2297 980 2364 Δ.
1001 2297 1117 2365 Fulvii.

364 2411 497 2477 Nullam
527 2434 601 2476 sero
629 2432 757 2475 causam
784 2409 889 2474 adesse
910 2409 1018 2489 rideo,
1043 2410 1085 2475 ob
1105 2434 1201 2501 quarn
1221 2426 1256 2478 ut
1278 2413 1384 2482 Dede·

318 2525 388 2592 rich
410 2539 421 2578 ¹
451 2527 572 2615 posuit,
594 2526 628 2589 iu
651 2546 785 2613 puerum
805 2525 855 2590 rix
875 2537 947 2614 toga
968 2524 1052 2590 virili
1073 2539 1219 2591 ornatum
1242 2528 1386 2595 animad-

320 2640 463 2706 vertisset
482 2639 657 2716 censorium
682 2636 733 2701 vel
752 2637 794 2715 is,
818 2639 875 2726 qui
893 2637 1042 2726 magister
1061 2638 1206 2727 equitum
1226 2640 1304 2719 fuit,
1327 2666 1386 2732 po-

323 2748 405 2817 terat
425 2751 489 2816 tale
509 2752 631 2816 lurtum
651 2749 866 2829 committere,
894 2762 928 2814 ut
955 2749 1110 2839 paterius
1127 2773 1218 2818 suum
1235 2752 1387 2822 inlilium

325 2888 389 2930 non
415 2864 653 2954 emancipatum
676 2874 843 2928 exerceret.

693 3047 710 3132 §
736 3048 765 3110 3.
812 3044 973 3110 stammas
998 3054 1021 3110 ².

372 3202 558 3283 BUTEO,
590 3217 686 3294 eaput
711 3204 833 3271 Romae
861 3202 1021 3291 galeatum
1050 3225 1122 3269 eum
1152 3217 1226 3271 nota
1255 3206 1392 3287 denarii,

325 3341 410 3407 pone
430 3317 533 3407 pileus
554 3316 780 3382 Dioscurorum
804 3316 852 3382 rel
874 3313 1029 3382 libertatis
1049 3317 1185 3406 signum.

372 3429 482 3497 (laotos
500 3445 532 3496 et
549 3430 664 3496 Pollux
681 3429 797 3495 hastati
816 3430 849 3494 in
866 3431 956 3520 equis
974 3430 1193 3514 decurrentem
1215 3435 1392 3502 Numerius

327 3543 485 3610 Murus
509 3544 617 3610 Murci
640 3543 756 3609 lulius.
780 3541 932 3609 ROMA.

375 3657 425 3725 rb
448 3657 535 3722 omni
554 3669 645 3747 parte
664 3656 782 3722 Gotuii
799 3655 885 3723 lraus
910 3657 1052 3747 pellucet
1058 3684 1070 3738 3
1101 3657 1288 3727 Vaillantius
1305 3673 1394 3728 reete

326 3775 486 3863 perspexit
515 3794 577 3836 non
604 3793 697 3861 posse
716 3770 827 3836 referri
845 3770 1010 3836 denarium
1034 3770 1074 3836 ad
1094 3773 1278 3861 magistrum
1299 3776 1394 3865 equi·

328 3897 416 3963 tum,
449 3884 505 3974 qui
534 3884 736 3948 comitiorum
768 3905 862 3949 eausa
891 3896 1013 3949 creatus
1037 3896 1100 3964 est,
1127 3888 1296 3977 proposuit
1317 3912 1395 3978 ergo

326 4019 401 4061 eum
431 4017 543 4060 cusum
573 4017 640 4059 esse
669 4017 686 4058 a
717 3993 863 4060 Buteone
895 4006 1061 4084 quaestore
1087 3997 1283 4087 provinciali.
1330 3998 1396 4065 Sed

328 4122 415 4174 recte
448 4108 527 4172 sidit
556 4107 819 4197 llarrercumpius
856 4107 987 4173 omnino
1013 4108 1137 4176 obstare
1162 4110 1283 4178 litteras
1311 4112 1396 4180 Ro-

333 4221 423 4301 MA,
444 4222 561 4312 quibus
580 4221 647 4310 ipsa
670 4220 755 4286 Urbs
772 4220 968 4310 designatur,
991 4222 1024 4287 ni
1048 4221 1153 4291 fallor.
1197 4223 1266 4291 Nec
1286 4226 1398 4294 referri

215 4483 221 4495 ·
354 4473 374 4540 ¹)
393 4472 485 4536 Proor.
505 4468 582 4520 Eous.
604 4475 643 4519 te.
714 4467 735 4535 ²)
753 4471 833 4522 Vuill.
850 4470 900 4521 ΝΟ.
919 4476 949 4532 23
967 4471 1033 4523 Mor.
1053 4472 1129 4526 XVI.
1149 4481 1173 4526 8.
