3154 5294
330 487 369 549 84
454 507 535 550 rann
545 506 669 551 aunusrr
681 488 729 571 (9,
743 490 795 563 10,
809 488 869 571 11).
891 485 911 570 §
922 487 951 548 4.
963 503 1070 549 auorrr
1082 503 1207 549 causron
1219 485 1288 548 363.

337 682 481 749 Kaesone
511 686 560 772 (9,
589 687 646 764 10,
676 685 729 774 11)
767 696 839 749 ante
871 682 996 749 cladem
1034 681 1208 761 Gallicam,
1250 682 1282 746 in
1311 681 1402 746 euius

336 796 536 885 prooemium
562 796 751 863 delabimur.
1325 790 1328 799 ’

383 907 520 975 Saeculo
538 921 653 1000 quarto
672 910 779 975 medio
795 922 867 1001 post
884 908 1020 975 Romam
1033 907 1196 973 conditam
1209 905 1406 973 CalliSeno·

336 1045 393 1087 nes
420 1023 577 1113 paulatim
607 1048 643 1090 ex
671 1024 833 1115 superiore
862 1022 966 1089 Callia
989 1023 1022 1086 in
1053 1021 1178 1086 ltaliam
1200 1019 1340 1097 traiecti,
1364 1020 1407 1084 ab

341 1134 457 1201 Utente
477 1135 610 1201 flumine
632 1158 732 1227 usque
753 1135 792 1201 ad
813 1135 919 1202 Aesim
939 1135 1022 1201 inter
1040 1134 1225 1200 Ravennam
1247 1144 1279 1198 et
1298 1130 1407 1197 Anco·

336 1269 410 1312 nam
432 1249 512 1319 fines
531 1248 702 1314 habebant.
751 1249 847 1315 Venit
866 1249 944 1315 haec
963 1271 1040 1339 gens
1061 1245 1221 1325 Clusium,
1242 1247 1331 1312 cuius
1353 1269 1408 1311 ur·

336 1359 386 1426 bis
416 1361 541 1427 incolae
572 1361 659 1427 haud
679 1385 760 1428 rano
781 1373 900 1428 terrore
921 1360 1032 1427 affecti
1056 1374 1145 1439 sunt,
1164 1358 1406 1426 multitudinem

338 1471 582 1539 fortissimorum
609 1479 731 1553 30‚000
753 1474 892 1540 hostiurn
913 1485 1079 1540 cernentes
1099 1496 1172 1539 cum
1197 1495 1280 1539 noro
1300 1494 1407 1537 armo-

337 1607 407 1650 rum
427 1608 557 1674 genere3
580 1610 653 1652 mor
672 1587 773 1653 socios
795 1587 856 1653 sibi
877 1586 1169 1677 circumspicientes
1188 1585 1325 1651 Romam
1344 1584 1407 1649 mi-

337 1709 446 1762 serunt
473 1698 610 1788 legatos,
643 1700 699 1790 qui
729 1700 882 1766 auxilium
913 1723 929 1764 a
959 1711 1070 1765 senatu
1098 1709 1254 1789 peterent.
1300 1697 1408 1763 Minus

337 1822 422 1876 reete
453 1822 560 1875 autem
590 1810 662 1880 hm.
688 1811 853 1900 Tbierry¹
888 1812 996 1878 Gallos
1026 1812 1192 1902 descripsit
1223 1834 1240 1875 a
1269 1809 1409 1878 Clusinis

336 1932 462 2011 partem
486 1935 586 1988 terrae
604 1925 773 2014 petivisse,
806 1948 869 2015 qua
890 1938 1002 2015 negata
1027 1924 1173 1992 Clusium
1194 1924 1300 1992 statim
1322 1923 1409 1988 obsi·

338 2035 436 2099 dione
471 2037 620 2116 cinxisse3
654 2061 736 2129 quae
771 2040 797 2104 si
827 2061 898 2105 vera
928 2051 1049 2117 essent,
1083 2037 1246 2130 quomodo
1273 2037 1408 2103 Romam

337 2147 496 2215 misissent
524 2149 669 2240 legatos?
718 2150 780 2218 Sed
813 2152 859 2217 sic
884 2152 939 2217 ille
960 2151 1040 2217 solet
1059 2152 1222 2242 eleganter
1245 2163 1276 2216 et
1298 2160 1410 2215 ornate

336 2262 438 2327 varias
453 2263 553 2327 lamas
574 2263 717 2355 undique
739 2265 890 2330 collectas
912 2286 1121 2353 componere,
1146 2287 1211 2355 quo
1230 2263 1411 2328 accuratius

336 2375 488 2466 depingat
508 2376 617 2442 Gallos
637 2401 709 2443 suos
730 2390 894 2468 tamquam
911 2377 1083 2444 hodiernos
1102 2376 1168 2443 fere
1187 2376 1321 2443 dixerim
1338 2397 1409 2440 om·

336 2490 388 2554 nia
410 2502 555 2579 agentes,
585 2491 639 2556 sed
661 2492 767 2557 omnia
789 2492 848 2556 ista
873 2491 992 2582 absque
1012 2491 1079 2555 ulla
1100 2490 1187 2569 erisi;
1218 2489 1293 2555 hinc
1313 2488 1409 2554 fabu-

338 2602 492 2670 losissima
512 2626 680 2694 quaeque,
704 2628 786 2695 quae
807 2604 847 2670 ab
872 2604 1029 2671 historicis
1051 2604 1227 2694 excogitata
1248 2614 1323 2669 sunt
1344 2624 1409 2666 non

337 2716 489 2793 secernit,
507 2727 539 2780 et
557 2741 615 2806 pro
635 2718 805 2783 verissimis
823 2717 987 2796 decantat,
1005 2739 1088 2808 quae
1108 2717 1253 2783 historici
1269 2714 1309 2780 ad
1325 2714 1410 2780 anti·

338 2849 434 2918 quam
455 2827 619 2895 historiam
639 2830 850 2922 supplendam
872 2854 908 2898 er
925 2831 1125 2922 antiquitatis
1145 2829 1276 2897 scientia
1291 2828 1332 2894 de
1352 2849 1410 2893 suo

338 2941 541 3007 addiderunt.

383 3053 451 3121 Nec
472 3054 606 3134 mirum,
627 3056 714 3146 quod
737 3055 860 3125 Clusini
881 3058 943 3125 sibi
963 3058 1085 3124 socium
1104 3055 1276 3123 adsciscere
1297 3054 1410 3121 volue-

340 3168 404 3234 rint
432 3169 590 3259 populum
620 3168 707 3236 haud
734 3171 779 3238 ita
808 3172 983 3261 longinque
1005 3171 1164 3248 dissitum,
1194 3192 1267 3234 nam
1291 3168 1411 3234 Rorna-

341 3304 418 3347 num
448 3303 564 3348 nomen
594 3284 668 3349 satis
695 3286 880 3351 innotuerat
905 3285 1052 3352 Etruriae
1074 3284 1202 3376 populis
1222 3295 1294 3373 post
1317 3281 1413 3347 Veios

340 3408 449 3484 captos
480 3406 511 3460 et
538 3395 694 3477 Falerios,
729 3399 779 3464 rel
808 3398 870 3463 hoc
897 3399 967 3488 ipso
998 3420 1082 3462 anno
1111 3396 1152 3462 de
1178 3394 1311 3461 indutiis
1337 3416 1413 3461 cum

342 3506 598 3574 Volsiniensibus
610 3510 731 3578 Romae
745 3526 852 3578 actum
871 3525 926 3578 est.
961 3512 1115 3578 Romanis
1134 3511 1237 3576 fertur
1255 3508 1414 3601 placuisse

345 3620 392 3685 nil
422 3621 586 3712 impetrari
614 3625 654 3690 de
675 3626 809 3706 auxilio,
839 3626 892 3691 sed
923 3637 958 3691 ut
983 3625 1078 3716 legati
1101 3638 1161 3691 tres
1181 3624 1240 3690 [ilii
1258 3624 1301 3690 Μ.
1320 3622 1413 3688 Fabii

344 3732 492 3801 Ambusti
511 3737 714 3804 mitterentur
736 3739 844 3805 adres
866 3739 1118 3830 cognoscendas,
1139 3738 1262 3830 opinor.
1293 3737 1414 3803 Rorna-

344 3847 394 3925 ni,
416 3849 472 3937 qui
490 3850 678 3915 metuebant
697 3875 738 3917 ne
763 3852 846 3918 Galli
866 3853 993 3918 iamiam
1011 3852 1137 3918 Etruria
1154 3852 1333 3942 potirentur
1349 3849 1412 3916 Ur·

345 3961 484 4052 bemque
503 3973 664 4053 peterent,
689 3963 827 4032 Clusinis
845 3966 923 4032 dant
941 3966 1110 4032 eonsilium
1126 3988 1208 4032 novo
1225 3964 1309 4030 hosti
1320 3962 1413 4029 resis-

345 4087 430 4153 tere,
453 4075 519 4140 imo
540 4099 594 4141 eos
613 4075 762 4144 adiurare
783 4079 944 4145 malebant
971 4103 1011 4145 ue
1036 4092 1148 4146 contra
1174 4079 1315 4145 ferocem
1335 4099 1413 4169 gen·

347 4199 410 4253 tem
431 4189 507 4278 ipsis
527 4200 608 4255 esset
627 4192 848 4282 pugnandum.
887 4190 942 4257 Sic
960 4191 1000 4257 ad
1023 4191 1145 4259 bellurn
1163 4189 1311 4258 Clusinos
1331 4190 1412 4255 inci·

346 4312 432 4381 tant,
456 4301 490 4365 in
510 4323 649 4391 quornm
669 4303 737 4368 acie
758 4301 918 4369 adstantes
938 4302 999 4392 ipsi
1015 4325 1101 4367 arma
1120 4313 1265 4380 sumunt,
1290 4313 1321 4368 et
1341 4323 1414 4366 mor

376 4552 396 4619 ¹)
415 4549 482 4601 Hier.
502 4548 543 4600 des
563 4546 664 4601 Goulois
679 4550 702 4599 Ι.
722 4552 765 4599 36.
