3194 5302
352 466 391 527 42
582 465 603 549 5
624 469 652 528 5.
685 482 793 558 cannas
814 479 1014 526 tununnensis
1034 464 1203 533 275—227.

355 671 405 725 tae
430 658 639 727 Carmentalis
659 658 770 726 dertro
789 657 867 724 Iano
887 658 1042 750 profecti,
1061 658 1101 724 nd
1125 657 1321 738 Cremeram,
1336 660 1424 752 quod

352 774 486 839 flurium
522 771 607 838 haud
645 773 758 864 procul
789 796 807 837 a
839 772 923 838 Veiis
952 773 1040 851 lluit,
1079 783 1188 861 aptum
1224 773 1423 839 munimento

351 886 459 951 locum
479 883 684 962 invenerunt,
710 882 943 973 castellumque
963 880 1132 949 Cremerae
1153 884 1281 949 nomine
1301 896 1424 951 exstru-

351 1008 485 1077 remnt‚
507 995 649 1062 medium
668 995 752 1062 inter
776 996 868 1062 Veios
887 1008 919 1062 et
936 996 1089 1075 Romam,
1119 995 1204 1061 unde
1224 996 1423 1087 saepiuscule

350 1113 507 1203 impetum
523 1109 674 1175 facientes
687 1108 852 1177 Veientem
871 1132 982 1200 aprum
999 1108 1175 1176 latrociniis
1191 1122 1222 1176 et
1236 1110 1423 1202 populatio·

347 1225 443 1290 nibus
467 1223 672 1289 infestabant.
718 1223 778 1288 Per
799 1246 831 1289 se
850 1223 1040 1313 intelligitur
1061 1223 1247 1290 Veientibus
1270 1224 1418 1291 odiosum

348 1338 445 1404 fuisse
479 1336 715 1403 munimentum
744 1336 845 1416 illud,
881 1336 936 1428 qni
970 1335 1032 1402 hoc
1061 1348 1093 1402 et
1124 1338 1331 1429 sequentibus
1363 1361 1422 1404 an-

349 1453 397 1518 nis
417 1451 566 1517 iniuriam
584 1451 673 1517 illam
696 1450 795 1517 ulturi
819 1451 956 1516 ferocius
977 1449 1100 1515 bellum
1121 1464 1303 1540 gesserunt,
1335 1452 1422 1542 qnod

350 1565 403 1630 hic
432 1565 521 1630 tenui
541 1565 598 1630 lilo
616 1563 774 1630 deducere
795 1587 860 1630 non
879 1564 991 1643 lubet3
1019 1562 1091 1629 talis
1114 1576 1221 1629 autem
1240 1566 1341 1631 exitus
1362 1567 1424 1632 fnit

349 1700 491 1769 pugnae,
515 1700 610 1769 quam
627 1678 768 1743 inierunt
786 1677 923 1743 Romani
941 1678 1002 1743 snb
1022 1676 1057 1742 L.
1074 1677 1210 1743 Aemilio
1230 1690 1262 1743 et
1279 1678 1423 1746 Kaesone

350 1793 449 1858 llabio
468 1791 678 1882 proconsule,
704 1802 739 1855 ut
756 1811 873 1880 pacem
893 1791 1032 1857 inierint.
1056 1811 1057 1814 ’
1080 1788 1143 1856 Sed
1166 1790 1244 1856 haec
1267 1812 1332 1857 non
1352 1793 1422 1884 pla·

349 1905 416 1970 cuit
437 1905 561 1984 Tuscis,
581 1903 638 1994 qni
658 1915 873 1969 convenerant
894 1904 926 1968 in
946 1903 1135 1985 consilium,
1156 1928 1228 1971 narn
1256 1906 1423 1972 castellum
1508 1926 1511 1931 ·

349 2029 522 2084 tenuerunt
540 2016 696 2094 Romani,
726 2038 801 2105 ergo
822 2038 941 2082 norum
965 2017 1085 2083 bellurn
1106 2019 1220 2083 exarsit
1240 2041 1324 2083 anno
1346 2023 1422 2088 277.

349 2130 439 2196 Tunc
455 2143 629 2221 antequam
651 2129 763 2195 consul
783 2129 950 2195 Menenius
969 2130 1224 2221 proficisceretur
1245 2131 1284 2197 ad
1303 2133 1422 2223 praesi-

349 2243 436 2310 dium
458 2244 669 2321 firmandum,
695 2242 736 2307 ab
758 2240 850 2308 hoste
870 2254 999 2333 captum
1019 2254 1066 2308 eat
1089 2242 1202 2310 deletis
1222 2244 1330 2310 Fabiis
1352 2269 1421 2312 om·

351 2357 515 2447 nibuaque
537 2356 594 2446 qui
613 2355 694 2422 illud
715 2357 878 2423 tenebant.

398 2470 486 2554 Quae
512 2468 598 2535 lama
620 2468 784 2560 quomodo
805 2467 912 2534 eundo
937 2470 1117 2535 crereritet
1136 2490 1269 2561 preren
1290 2473 1423 2562 posteris

349 2583 517 2650 decantata
547 2582 664 2661 luerit,
695 2582 745 2648 rix
768 2604 847 2673 opus
869 2594 916 2649 est
938 2594 973 2647 ut
993 2581 1107 2648 dicam.
1155 2584 1304 2674 Magnam
1321 2584 1424 2650 'fuisse

350 2697 474 2762 cladem
506 2696 606 2762 dubio
636 2718 701 2761 non
729 2707 776 2760 est
804 2695 997 2775 obnoxium,
1025 2696 1090 2761 imo
1112 2696 1241 2788 probari
1259 2709 1365 2788 potest
1384 2718 1423 2764 er

351 2831 407 2886 eo,
438 2808 525 2899 quod
547 2821 641 2898 porta
659 2805 884 2887 Carmentalis,
911 2830 973 2898 qua
991 2808 1133 2874 exierant
1152 2810 1245 2874 Fabii
1263 2831 1336 2875 eum
1358 2810 1423 2875 suis

349 2921 389 2986 ab
419 2920 507 2986 illins
531 2919 742 3010 expeditionis
768 2921 848 2986 tristi
866 2933 982 2986 erentu
1007 2920 1201 2988 Sceleratae
1220 2924 1349 2988 nomine
1369 2923 1422 2988 iu·

350 3033 427 3099 duta
458 3033 570 3119 luerit,
603 3045 635 3098 et
667 3033 756 3099 nefas
786 3033 946 3100 rideretur
974 3034 1212 3124 magistratibus
1241 3058 1299 3125 per
1328 3036 1422 3101 illam

349 3147 451 3227 erire3
485 3147 554 3213 lieri
583 3159 702 3238 potest,
734 3158 770 3212 nt
797 3147 860 3212 alia
890 3146 1046 3237 quaedam
1077 3147 1188 3236 religio
1214 3148 1289 3213 huic
1309 3161 1422 3240 portae

352 3259 547 3339 adhaeserit,
575 3259 630 3326 sed
660 3260 755 3325 facile
782 3259 908 3326 credam
931 3259 972 3324 ab
996 3259 1056 3324 hac
1075 3259 1167 3325 clade
1185 3272 1310 3350 portam
1331 3261 1422 3328 illam

350 3374 434 3439 male
454 3374 627 3439 eminatam
647 3373 752 3439 luisse.
788 3372 842 3438 Sic
862 3373 945 3438 enim
967 3372 1033 3438 dies
1058 3395 1203 3463 quoque,
1229 3392 1293 3464 quo
1312 3374 1422 3441 clades

350 3486 508 3552 acciderat
529 3487 771 3578 inperpetuum
790 3487 954 3552 luctuosus
975 3485 1052 3564 luit,
1076 3499 1107 3551 et
1126 3486 1210 3551 inter
1229 3500 1313 3554 atros
1336 3488 1423 3555 rela-

350 3612 401 3665 tus
428 3611 475 3665 eat
498 3612 521 3666 ¹.
567 3598 657 3665 Idem
685 3622 801 3690 nempe
819 3599 922 3664 fertur
942 3610 955 3649 2
981 3622 1010 3665 a.
1031 3598 1062 3666 d.
1081 3618 1126 3665 xv
1146 3599 1210 3666 lral.
1232 3612 1326 3681 sert,
1355 3624 1423 3692 quo

349 3711 391 3778 ad
419 3710 600 3779 Cremeram
627 3711 719 3777 lt'abii
739 3712 822 3777 caesi
843 3723 917 3777 sunt
940 3723 973 3777 et
993 3723 1104 3803 postea
1124 3712 1164 3778 ad
1187 3713 1304 3780 Alliam
1326 3713 1422 3781 loede

349 3839 527 3917 pugnatum
554 3836 621 3903 eat,
649 3822 735 3890 uncle
755 3836 881 3890 notatus
901 3837 948 3891 est
971 3826 1120 3892 Alliensis
1144 3829 1283 3896 nomine.
1331 3830 1423 3895 Forti

350 3938 509 4017 tribuere,
540 3936 628 4029 quod
657 3917 740 4004 duae
768 3938 875 4004 clades
904 3937 1017 4004 eodem
1048 3940 1125 4004 anni
1152 3939 1205 4006 die
1228 3941 1421 4020 acciderint,

349 4052 513 4142 aliquanto
538 4050 672 4116 nimium
697 4063 761 4131 cst,
785 4053 907 4118 etiarnsi
937 4052 1031 4118 huius
1059 4053 1104 4119 rei
1134 4054 1249 4120 similia
1275 4055 1421 4145 exempla

347 4164 482 4230 servarit
502 4162 692 4230 Plutarchus
713 4176 741 4245 3;
762 4166 834 4256 quis
854 4165 940 4231 enim
960 4188 1025 4230 non
1041 4166 1422 4258 agnoscithocignoran-

376 4435 396 4504 ¹)
413 4438 465 4488 -Dio
482 4436 551 4490 Cass.
570 4438 600 4487 fr.
622 4443 663 4487 21.
683 4437 799 4502 35App.
818 4436 877 4488 [tat
895 4442 920 4489 6.
967 4436 987 4505 ²)
1004 4440 1061 4490 Liv.
1078 4438 1427 4504 VI.1;Tac.lI.11.sr;

340 4523 452 4576 Moerob.
472 4519 526 4574 Set.
545 4525 567 4574 1.
589 4525 619 4572 16
626 4544 633 4583 3
652 4522 720 4573 Plut.
744 4520 809 4573 Com.
832 4528 870 4574 ltt.
941 4519 961 4592 ὅ)
984 4522 1048 4575 Corn.
1070 4531 1111 4576 lt).
