3210 5300
536 451 557 537 5
580 455 627 517 15.
647 468 756 516 consus
778 454 812 516 V.
832 454 901 516 543.
1101 474 1105 482 ·
1192 455 1253 517 345

237 645 334 716 Serto
354 646 406 714 die
422 659 590 739 postquam
610 649 722 716 urbem
741 671 902 740 aggressus
920 660 988 715 erat
1008 657 1038 729 ¹,
1061 648 1147 739 cepit
1163 672 1249 729 eam,

190 763 286 829 simul
305 762 345 827 ab
368 762 454 828 omni
471 773 562 853 parte
579 762 709 854 impetu
723 761 823 840 facto,
839 772 872 828 et
888 762 937 829 rel
954 763 998 827 sic
1013 784 1079 828 non
1094 765 1249 853 potuisset

187 875 281 966 napi,
313 875 346 940 ni
373 875 457 939 iutra
486 875 612 940 moenia
642 873 781 966 proditio
806 873 925 941 fuisset.
981 874 1110 940 Tarenti
1134 896 1249 966 nempe

189 987 369 1078 praefectus
388 987 581 1054 Bruttiorum
601 986 769 1078 deperibat
786 1009 894 1052 amore
912 986 1136 1065 mulierculae,
1158 987 1249 1052 cuius

190 1100 238 1164 rei
246 1099 345 1165 irater
360 1098 427 1165 eius
437 1099 527 1165 miles
537 1099 696 1166 Fabianus
707 1100 876 1166 certiorem
893 1099 969 1165 feeit
990 1099 1136 1167 Fabium.
1179 1098 1251 1163 Hu-

192 1212 241 1277 ius
264 1212 352 1278 iussu
370 1234 430 1303 pro
457 1212 589 1303 perfuga
616 1213 790 1279 Tarentum
814 1211 1016 1278 introductus
1032 1234 1093 1303 per
1110 1233 1251 1277 sororem

191 1323 354 1414 praefecto
373 1325 561 1391 conciliatus
573 1348 646 1392 mox
656 1325 797 1417 perpulit
813 1348 886 1391 eum
906 1324 1067 1391 blanditiis
1083 1323 1251 1389 muliebri·

191 1437 534 1529 bnsadproditionem.
566 1429 695 1504 Praeter
705 1437 788 1504 banc
799 1437 1057 1505 alternmfamam
1068 1435 1165 1503 tradit
1175 1434 1251 1501 Plu·

191 1550 339 1631 tarchus,
370 1550 538 1616 mulierem
564 1553 656 1618 istam
682 1574 749 1618 non
779 1551 981 1619 Tarentinam
1011 1550 1066 1618 aed
1095 1549 1251 1615 Bruttium

189 1663 288 1729 inisse
308 1661 471 1752 Fabioque
490 1663 717 1743 concubinam,
730 1686 813 1754 quae
828 1686 928 1754 quum
944 1663 1142 1730 Bruttiorum
1158 1685 1252 1754 prae·

190 1773 292 1841 fectni
320 1773 483 1841 familiaria
510 1788 606 1856 esset,
630 1776 690 1842 sub
713 1777 881 1844 moenibus
899 1799 1066 1866 congressa
1087 1775 1252 1841 bominem

190 1887 316 1953 induxit
338 1888 434 1953 etsie
460 1888 573 1955 urbem
601 1888 762 1980 prodidit;
795 1889 946 1980 equidem
976 1889 1108 1955 alteram
1134 1887 1251 1956 famam

190 2001 356 2091 praeiere,
388 2024 462 2067 nam
490 2001 607 2067 Fabius
626 2013 729 2067 aetate
748 2002 842 2068 nimis
861 2014 1029 2093 provectus
1050 2014 1132 2082 erat,
1155 2024 1253 2093 quam

191 2125 230 2178 ut
249 2135 324 2180 cum
343 2114 522 2180 concubina
542 2137 610 2181 rem
630 2114 777 2195 baberet,
800 2115 835 2180 ni
853 2114 959 2182 fallor.

238 2226 293 2293 Sic
322 2227 418 2294 lacile
445 2229 486 2293 ab
515 2251 577 2294 una
604 2240 695 2320 parte
722 2251 852 2294 murum
879 2227 1089 2308 transcendit,
1114 2226 1191 2294 dum
1213 2229 1254 2294 ab

193 2340 292 2407 altera
318 2341 457 2432 impetus
485 2341 585 2409 fieret.
632 2339 771 2407 Summis
795 2340 916 2407 viribus
940 2341 1022 2405 intra
1045 2340 1171 2406 moenia
1192 2361 1255 2430 pu-

192 2465 325 2544 gnatum
345 2466 407 2535 est,
425 2465 460 2519 ut
479 2453 512 2520 in
533 2454 649 2520 talibus
669 2454 738 2520 fieri
755 2454 851 2535 solet,
870 2466 902 2519 et
922 2454 953 2520 vi
973 2475 1010 2519 ac
1028 2453 1255 2519 armisI'aren-

192 2579 265 2631 tum
287 2579 413 2656 captum
439 2578 503 2647 est,
527 2579 624 2658 atque
646 2567 741 2633 multi
764 2567 847 2633 caesi
867 2579 955 2646 sunt,
985 2566 1069 2632 iuter
1089 2589 1169 2657 quos
1190 2566 1254 2631 dur

193 2679 375 2746 Poenorum
395 2679 563 2761 Carthalo,
588 2693 657 2747 tum
679 2692 715 2746 ut
732 2679 819 2771 apud
840 2681 1031 2771 Eutropium
1054 2692 1068 2731 ²
1088 2703 1147 2771 pro
1164 2678 1255 2746 XXV

193 2790 432 2859 rescribendum
454 2806 520 2873 est,
546 2792 636 2860 XXX
656 2792 758 2858 millia
776 2792 937 2858 servilium
958 2793 1099 2883 capitum
1122 2793 1207 2884 capti
1224 2802 1254 2871 ³,

191 2926 307 2993 magna
329 2903 446 2994 praeda
465 2904 548 2970 lacta
570 2917 636 2985 est,
660 2927 756 2996 quam
775 2903 932 2970 militibus
953 2904 1131 2996 dispertivit
1152 2907 1255 2998 impe·

192 3028 300 3095 rator,
329 3018 439 3108 ingens
463 3018 510 3084 ais
534 3019 657 3108 argenti
682 3017 758 3083 iacti
779 3018 978 3109 signatique,
1001 3019 1071 3085 auri
1093 3021 1256 3110 octoginta

193 3129 253 3195 tria
281 3128 398 3218 pondo.
444 3130 541 3220 Signa
568 3130 673 3196 noluit
701 3129 878 3197 Cunctator
901 3130 1037 3196 Romam
1061 3152 1169 3197 secum
1193 3132 1256 3197 dn·

193 3264 285 3321 cere,
320 3241 440 3332 quippe
468 3243 524 3332 qui
548 3265 679 3333 magnos
700 3243 773 3308 illos
793 3242 869 3309 deos
889 3243 985 3310 iratos
1005 3243 1184 3310 Tarentinis
1202 3268 1255 3310 re·

194 3354 299 3446 linqui
311 3355 400 3421 iussit
413 3364 443 3435 ⁴3
460 3367 628 3422 contentus
644 3357 706 3422 fuit
717 3378 825 3422 seeum
837 3355 953 3422 ducere
965 3356 1112 3422 Herculis
1123 3380 1255 3425 aeneam

194 3479 348 3546 statuam,
375 3467 477 3557 gentis
499 3490 575 3534 suae
595 3470 748 3549 auctoris,
773 3468 861 3559 quod
881 3468 1013 3559 Lysippi
1036 3491 1113 3559 opus
1134 3469 1168 3535 in
1194 3469 1257 3536 Ga-

194 3580 309 3671 pitolio
330 3582 469 3670 posuit⁵
495 3582 618 3673 sibique
646 3582 823 3649 secundum
850 3581 1090 3649 Plutarchumt
1118 3595 1255 3651 statuam

194 3703 374 3784 equestrem
405 3693 490 3760 iuxta
517 3695 618 3775 Iovis3
640 3693 728 3760 alind
749 3694 879 3787 Lysippi
906 3719 986 3786 opus
1009 3694 1092 3762 loris
1116 3708 1256 3763 statuam

196 3810 239 3872 40
256 3805 438 3873 cubitorum
460 3786 591 3898 propter
616 3807 867 3898 magnitudinem
889 3808 1174 3902 difficultatemque
1193 3811 1257 3876 tol-

197 3920 286 3987 lendi
311 3920 438 3986 Tarenti
461 3920 601 4012 reliquit.

225 4168 453 4234 ¹)Livxxv11
479 4171 668 4232 rs‚1e;sn
691 4172 749 4223 ιιιι
773 4173 831 4225 xv.
854 4178 1004 4234 sao-saa,
1030 4173 1098 4239 app
1122 4172 1191 4224 Ηιι.
1215 4181 1263 4235 am

191 4253 1262 4323 PlatFaosr,ss;Potyaan.v111.ason²)1v.1nttmvxxvn.

193 4344 239 4400 16;
266 4339 411 4392 ΟΜΝ.
438 4341 578 4400 13;Ρ133
605 4341 668 4393 Fet.
693 4347 735 4393 22.
786 4341 881 4408 ⁶)Liv
904 4343 1023 4395 XXVII.
1044 4350 1087 4406 16,
1110 4345 1178 4396 Plus.
1199 4344 1262 4395 Fet.

192 4430 240 4485 22,
258 4422 341 4476 Marc.
359 4430 407 4487 21,
427 4422 489 4491 Reg.
507 4433 530 4476 ct
545 4425 602 4493 imp.
619 4427 734 4493 opopbtlt.
746 4427 809 4480 Fan
829 4434 852 4480 5.
906 4426 926 4495 ⁵)
942 4429 1011 4483 Ptin.
1026 4427 1063 4485 Η.
1078 4428 1114 4483 Ν.
1130 4428 1262 4484 XXXIV

194 4513 223 4572 73
241 4510 306 4562 Aur.
323 4512 390 4565 viat.
413 4507 444 4564 V.
460 4507 486 4564 I.
502 4517 549 4574 43,
566 4512 649 4566 Strnb¹
664 4515 714 4567 VI
732 4519 756 4567 3.
809 4512 831 4585 θ)
847 4512 912 4568 Fet.
928 4520 972 4569 22
