3210 5300
559 433 580 518 3
605 435 650 496 33.
671 450 779 495 consur.
800 434 859 495 111.
879 433 948 495 333.
1233 436 1292 500 333

224 635 256 699 13
278 631 450 722 Campania
469 629 621 722 degebat,
647 629 746 696 Fabio
774 629 1008 710 adversantem,
1032 630 1084 695 eui
1104 629 1292 720 persuadeat

220 746 283 812 alio
303 747 400 812 modo
424 769 490 812 3333
509 743 734 835 pugnandum,
758 755 868 808 contra
889 742 1007 808 Fabius
1026 741 1190 809 inducitur
1210 743 1291 809 Var-

141 926 145 931 ,
220 860 292 925 3331
311 860 372 924 3113
392 859 559 937 3131131333,
582 881 647 949 333
667 870 809 947 tempore
827 857 861 921 in
875 829 988 948 Apulia
999 856 1135 947 degebat
1146 858 1291 938 Poenus,

221 995 286 1062 quo
317 973 454 1039 Romani
481 982 696 1062 perrexerant,
725 969 803 1035 adeo
821 982 856 1034 nt
875 992 1001 1060 pugnae
1017 968 1164 1035 vitandae
1182 970 1292 1036 nullus

223 1086 312 1151 loeus
342 1097 438 1164 esset,
477 1097 509 1150 et
537 1085 647 1175 copiae
679 1083 896 1148 Romanorum
931 1082 1010 1148 adeo
1041 1094 1219 1163 creverant,
1254 1096 1290 1149 ut

224 1199 342 1288 optime
354 1196 467 1262 Poenis
477 1196 772 1287 aequipararentur,
788 1216 889 1283 quum
900 1194 1043 1284 singulae
1054 1194 1195 1284 legiones
1203 1200 1291 1264 5000

222 1311 366 1402 peditum
383 1322 414 1376 et
432 1314 497 1377 300
513 1311 658 1399 equitum
675 1308 777 1372 factae
795 1319 914 1386 essent,
936 1308 1092 1373 sociorum
1113 1331 1185 1375 3333
1202 1311 1291 1376 5000

222 1424 367 1515 peditum
395 1434 427 1488 et
452 1425 517 1488 000
546 1421 706 1511 equiturn,
738 1420 779 1484 ita
803 1432 838 1484 ut
857 1431 930 1486 octo
951 1421 1146 1488 exercituum
1167 1443 1291 1488 summa

134 1528 141 1542 ⁵
224 1536 263 1603 ad
283 1539 393 1603 89600
415 1534 511 1600 fuerit
533 1546 556 1601 ¹.
606 1533 694 1618 Quae
723 1554 823 1622 quum
852 1533 896 1598 sic
916 1556 982 1599 sese
1002 1532 1172 1615 baberent,
1190 1534 1290 1600 'facile

223 1647 432 1737 intelligimus
452 1645 627 1712 Varronem
650 1668 791 1736 pugnam
812 1644 978 1712 detrahere
998 1647 1138 1714 noluisse
1158 1647 1212 1713 sed
1233 1670 1291 1713 cu-

143 1806 146 1811 <
223 1764 318 1854 piisse
345 1761 411 1826 acie
442 1759 609 1839 dimicare,
642 1770 677 1824 ut
694 1758 739 1824 sic
760 1770 929 1824 conaretur
947 1758 1093 1850 frangere
1110 1759 1291 1827 Poenorum

222 1877 302 1943 31333
330 1886 362 1941 33
393 1872 578 1963 impediret,
603 1871 774 1961 quominus
794 1870 906 1936 ltaliae
928 1883 1029 1937 terrae
1051 1871 1291 1939 devastarentur
1353 1914 1357 1921 -

227 2001 259 2054 et
279 1987 332 2053 alii
353 1987 464 2077 populi
485 1984 545 2049 sub
574 1983 762 2050 Hannibalis
783 1984 927 2049 renitent
951 1995 1150 2074 potestatem.
1196 1984 1291 2051 llaud

224 2101 289 2166 scio
318 2123 358 2165 33
392 2111 467 2164 3333
488 2118 618 2187 333333
642 2094 760 2160 Fabius
785 2094 908 2159 bellum
933 2097 1116 2175 extraxerit,
1147 2109 1291 2187 tempora

224 2213 318 2279 nimis
348 2223 469 2277 mutata
500 2223 604 2287 erant,
639 2220 672 2274 ut
705 2205 910 2273 defendendo
940 2220 972 2272 et
998 2209 1137 2275 arcendo
1166 2221 1292 2275 tantum

226 2326 299 2392 satis
317 2337 491 2417 gereretur,
512 2323 620 2388 Livius
639 2320 769 2411 quidem
786 2320 1013 2389 Cunctatorem
1032 2320 1093 2387 1333
1112 2321 1225 2387 3333133
1245 2322 1291 2387 331

224 2440 360 2506 33131333
392 2437 555 2529 opinatur,
587 2435 640 2501 sed
671 2433 732 2500 hoc
761 2457 826 2501 non
851 2434 1028 2523 urgendum
1048 2445 1109 2513 est,
1133 2457 1206 2501 nam
1226 2458 1292 2501 non

112 2542 116 2551 ’
226 2552 346 2643 3131333
368 2574 476 2618 rerum
498 2561 657 2616 assecutus
678 2561 725 2614 est
746 2549 781 2613 in
802 2544 1012 2613 concionibus
1031 2547 1103 2613 suis.

272 2664 436 2755 Quidquid
456 2677 520 2743 est,
539 2663 603 2728 fors
624 2664 666 2728 133
688 2661 778 2740 33113,
802 2674 836 2726 33
857 2683 920 2751 333
941 2660 992 2725 013
1007 2659 1104 2726 l'arro
1120 2660 1292 2751 imperium

219 2792 359 2869 gereret,
381 2779 421 2844 ab
441 2791 576 2868 utraque
596 2789 686 2867 parte
706 2775 789 2841 acies
815 2775 968 2841 instructa
988 2774 1028 2840 sit
1050 2774 1089 2840 ad
1111 2773 1238 2841 Cannas
1259 2787 1291 2840 et

226 2905 401 2982 pugnatum
423 2891 636 2959 strenuissime
656 2903 688 2956 et
708 2888 888 2954 fortissime.
935 2887 972 2953 In
997 2887 1110 2978 vulgus
1133 2900 1226 2954 notus
1246 2901 1293 2954 est

226 3003 321 3069 buius
350 3003 464 3094 proelii
494 3015 640 3081 eventus,
675 3001 799 3067 Poenus
828 3001 895 3065 acie
929 2999 1144 3068 sollertissime
1175 3013 1293 3068 structa

227 3116 436 3184 circumvenit
457 3116 634 3194 Romanos,
656 3116 712 3204 qui
731 3127 809 3179 tune
828 3136 951 3178 summa
970 3113 1061 3179 clade
1082 3113 1185 3178 allecti
1205 3128 1294 3193 sunt,

228 3253 327 3321 quam
342 3230 490 3320 persequi
505 3252 568 3295 non
586 3240 633 3295 est
648 3227 743 3293 buius
758 3228 838 3305 loci,
853 3226 993 3315 denique
1008 3229 1118 3291 45000
1133 3224 1295 3316 peditum,

229 3348 318 3411 2700
338 3344 460 3434 equites
480 3341 561 3408 eaesi
580 3342 663 3407 inter
682 3364 762 3431 3333
787 3338 976 3405 nobilissimi
998 3338 1119 3428 quique
1146 3340 1294 3405 cousula-

229 3479 293 3536 res‚
327 3457 493 3548 praetorii,
525 3454 659 3534 tribuni,
692 3435 889 3544 quaestores,
922 3452 1034 3531 ceteri,
1058 3465 1184 3542 praeter
1207 3454 1296 3520 3000

230 3569 374 3661 peditum
405 3583 437 3636 et
464 3572 529 3636 300
559 3568 697 3660 equites,
731 3567 786 3656 qui
817 3565 902 3656 capti
928 3577 1017 3643 sunt;
1045 3588 1186 3656 pugnam
1206 3565 1296 3630 illam

230 3683 362 3750 Alliensi
384 3683 468 3750 cladi
492 3682 659 3748 nobilitate
682 3703 790 3770 parem
816 3679 894 3744 dixit
918 3678 1037 3745 Livius.

278 3797 351 3863 Post
368 3796 455 3862 hunc
472 3795 682 3861 tristissimum
701 3793 815 3883 proelii
832 3804 981 3858 eventum
995 3793 1152 3858 exercitus
1162 3791 1297 3858 Romani

233 3907 404 3975 Canusium
441 3930 477 3983 se
516 3915 720 3995 receperunt,
760 3903 881 3969 Romae
911 3925 1111 3994 summopere
1146 3904 1298 3968 commoti

232 4034 323 4088 erant
352 4033 385 4088 33
408 4021 523 4086 summi
551 4018 693 4108 undique
718 4016 890 4090 tumultus,
920 4015 973 4081 sed
998 4017 1115 4082 Fabius
1136 4027 1244 4082 noster
1264 4015 1298 4079 in

232 4147 343 4202 senatu
365 4159 402 4201 ea
419 4133 576 4200 censuisse
597 4131 761 4197 inducitur
779 4141 811 4209 ²,
835 4151 917 4219 quae
935 4124 1071 4195 maxime
1092 4153 1109 4195 e
1130 4127 1299 4219 republica

229 4445 237 4461 .
263 4411 283 4479 ¹)
301 4414 391 4480 Polyb.
410 4414 460 4464 111.
482 4416 528 4464 107
548 4414 564 4476 §
582 4416 675 4462 a-la.
728 4408 749 4478 ²)
766 4407 1199 4468 Liv.XX11.ee;PtutFat.1r;
1216 4406 1309 4459 Zonar.

230 4498 281 4549 IX.
300 4504 329 4560 Ως
347 4499 394 4552 Sil.
411 4498 470 4549 Ital.
489 4496 525 4549 X.
545 4498 692 4547 395-605.
