3190 5304
215 413 237 495 5
259 416 286 475 t.
306 429 426 475 consur.
446 411 516 475 743.
536 411 557 493 ς
579 412 609 472 2.
628 428 734 473 aurcos
754 425 893 484 aueusrr,
915 428 1031 473 aaaron
1052 428 1150 474 aaron.
1191 398 1249 475 431
1353 403 1355 410 ’

188 607 260 673 nius
287 620 295 660 ¹
327 607 437 686 tradit,
462 605 516 674 scd
536 606 597 673 llio
618 618 630 657 ²
653 606 733 673 illud
754 606 864 674 retulit
883 605 924 671 ad
942 626 1061 672 aunum
1082 607 1159 675 741.
1191 605 1252 672 Se·

187 722 331 789 cundum
366 720 503 788 eundem
533 734 545 772 ³
575 721 662 786 cadit
690 720 724 786 in
758 719 844 787 bunc
874 742 995 787 annum
1026 742 1156 799 census,
1195 722 1252 810 qui

187 860 271 903 anno
301 838 366 900 746
395 833 498 900 factus
527 857 594 900 esse
624 832 768 914 ridetur,
807 846 843 899 ut
877 833 970 900 docet
1006 832 1252 901 Monumentum

187 950 401 1037 Ancyranum.

232 1061 295 1127 Sed
312 1059 390 1125 baec
409 1059 544 1125 Fabium
559 1082 623 1126 non
639 1070 797 1151 spectant,
813 1082 918 1151 neque
935 1059 1020 1125 bella
1037 1083 1118 1149 quae
1134 1059 1177 1126 M.
1194 1059 1251 1125 Li·

186 1175 255 1241 rius
274 1175 393 1241 Drusus
409 1174 442 1238 in
459 1173 627 1240 Germania
642 1185 728 1239 trans
740 1172 890 1240 Rhenum
906 1196 965 1266 per
977 1173 1114 1239 alterum
1130 1196 1252 1240 annum

188 1287 304 1378 degens
331 1286 460 1376 gerebat
491 1298 520 1365 ⁴,
553 1299 585 1353 et
612 1286 757 1352 Tiberius
781 1298 893 1353 contra
919 1287 1100 1353 Pannonios
1120 1298 1152 1352 et
1173 1285 1251 1352 Dal-

187 1412 305 1479 matas,
336 1410 368 1463 et
394 1397 467 1464 Piso
488 1412 600 1466 contra
622 1397 775 1479 Thracea;
799 1399 939 1491 denique
960 1399 1253 1466 senatusconsulta

188 1536 206 1579 a
231 1512 385 1579 Frontino
410 1523 547 1592 sertata,
577 1535 659 1602 quae
682 1534 838 1604 aquarum
855 1535 967 1579 curam
987 1525 1146 1604 spectant,
1170 1534 1253 1578 non·

188 1628 249 1694 nisi
266 1625 403 1692 Fabium
421 1639 601 1692 memorant
620 1627 697 1693 anni
716 1648 819 1693 causa.

339 1809 357 1893 §
382 1808 413 1875 2.
460 1808 599 1874 Amicus
621 1808 785 1897 Augusti,
808 1806 941 1873 Fatetur
969 1802 1094 1874 Ovidii.

234 1962 354 2032 Contra
373 1966 435 2032 alio
455 1964 585 2030 nomine
603 1964 746 2030 innotuit
763 1975 895 2054 propter
918 1964 1052 2053 Augusti
1066 1963 1255 2043 amicitiam,

187 2101 261 2146 nam
272 2077 471 2156 nostrum,ui
480 2076 587 2158 fallor,
604 2077 754 2167 iutelligit
768 2075 1002 2159 Quinctilianus
1015 2090 1040 2156 ὅ,
1054 2077 1255 2144 intereram·

188 2193 243 2284 pla
268 2192 443 2273 dictorum,
475 2213 556 2281 quae
581 2192 613 2257 in
640 2190 830 2282 metalepsin
853 2190 990 2270 cadunt,
1015 2191 1146 2256 afferens
1170 2189 1254 2254 illud

187 2306 280 2372 Fabii
295 2306 423 2373 Maximi
442 2304 616 2372 incusantis
636 2306 770 2395 Augusti
788 2303 1036 2394 congiariorum,
1053 2301 1256 2395 quaeamicis

190 2419 363 2499 dabantur,
387 2418 605 2508 exiguitatem,
629 2441 666 2483 ca
687 2417 796 2484 diceus
818 2416 1004 2483 heminaria.
1051 2414 1256 2506 Congiarium

189 2532 275 2598 enirn
299 2533 486 2624 capiebat6
513 2531 679 2612 sextarios,
704 2531 790 2597 uude
817 2553 935 2597 nomen
954 2531 1048 2596 traxit
1067 2529 1256 2596 donativum

189 2645 343 2735 principis
364 2643 556 2709 liberalitate
574 2642 729 2709 militibus
749 2656 781 2711 et
797 2642 993 2734 pauperibus
1013 2641 1133 2708 datum.
1181 2639 1257 2707 Non

191 2757 280 2822 addit
300 2756 429 2847 quidem
454 2754 688 2838 Quinctilianus
704 2755 797 2821 Fabii
816 2779 1027 2846 praenomen,
1052 2754 1107 2821 sed
1124 2753 1176 2821 rix
1195 2754 1257 2819 du·

190 2870 260 2938 bito
289 2869 367 2960 quin
397 2869 511 2934 Paulus
539 2879 646 2934 noster
675 2867 904 2959 intelligendus
928 2869 983 2948 sit,
1007 2891 1073 2933 non
1094 2891 1168 2934 reno
1189 2867 1259 2933 eius

190 2984 288 3050 trater
316 2981 451 3065 Quintus
480 2983 562 3072 (57).
609 2981 745 3047 Videtur
769 3006 886 3073 nempe
912 2982 970 3048 ille
1000 2982 1135 3071 Augusti
1161 2980 1259 3048 luisse

190 3096 326 3174 amicus,
350 3094 435 3186 apud
457 3118 553 3185 quem
573 3094 712 3160 multum
733 3107 877 3184 poterat,
900 3093 987 3184 quod
1007 3094 1112 3161 innuit
1135 3092 1258 3160 dictum

191 3210 291 3289 illud,
313 3209 368 3276 aed
390 3220 551 3299 praeterea
570 3208 687 3273 evincit
711 3205 859 3286 Ovidius,
884 3209 939 3297 qui
955 3228 1056 3297 quum
1072 3218 1154 3273 esset
1173 3204 1257 3271 rele-

192 3334 302 3411 gatus,
321 3321 361 3387 ad
381 3320 554 3386 Maximum
583 3318 670 3382 misit
697 3320 858 3409 epistolas
883 3339 926 3381 ex
953 3318 1063 3383 Ponto
1087 3316 1113 3384 Ι.
1139 3316 1259 3396 2,11t

194 3440 215 3500 3
235 3445 267 3501 et
285 3433 345 3500 ΙΙΙ.
367 3439 397 3502 8.
445 3430 595 3498 Attamen
614 3429 667 3496 hic
683 3454 813 3522 quoque
828 3452 1023 3522 praenomen
1037 3454 1101 3497 non
1116 3431 1259 3521 adscrip-

191 3558 261 3611 tum
284 3559 350 3621 est;
373 3543 483 3635 paucis
511 3540 684 3608 delendam
714 3562 840 3609 necesse
867 3554 930 3622 est,
957 3563 1014 3607 cur
1042 3541 1124 3608 baec
1152 3543 1258 3610 eidem

193 3658 344 3726 tribuam.

241 3771 279 3838 In
313 3772 417 3863 primo
451 3769 591 3836 carmine
619 3767 694 3833 libri
728 3767 832 3858 quarti
872 3768 1021 3834 Horatius
1056 3770 1186 3849 cecinit,
1225 3793 1260 3839 se

191 3908 259 3950 non
289 3884 424 3973 amplius
456 3894 565 3974 aptum
598 3903 663 3947 esse
692 3879 853 3946 amoribus
886 3881 1016 3948 Veneris
1041 3882 1259 3964 celebrandis,

194 3996 317 4086 quippe
341 3995 397 4085 qui
413 3995 476 4059 iarn
493 3992 790 4083 quinquagesimum
811 4015 929 4058 annum
951 4008 1073 4084 ageret;
1098 3994 1261 4087 Augustus

191 4121 300 4176 autem
329 4106 504 4173 secundum
532 4118 693 4172 auctorem
722 4110 814 4170 vitae
838 4106 985 4173 Horatii
1011 4130 1084 4173 eum
1115 4108 1261 4175 hortatus

221 4383 243 4448 ι)
260 4383 296 4434 rr.
314 4382 351 4433 Ν.
370 4383 433 4434 vn.
455 4384 497 4433 17.
583 4378 603 4448 ²)
620 4382 752 4435 musa
830 4375 851 4446 ὅ)
868 4381 941 4432 mv.
961 4386 1004 4432 aa.
1082 4382 1103 4451 ὁ)
1120 4385 1178 4437 un.
1197 4384 1266 4449 upa.

181 4469 374 4528 cxxxv111;
391 4467 442 4517 mo
459 4466 527 4520 cass.
543 4467 616 4519 urv.
635 4473 746 4519 aa-ar.
817 4464 836 4533 ⁵)
854 4462 878 4518 Ι.
900 4463 927 4515 0.
946 4467 993 4519 vr.
1012 4472 1039 4517 a.
