3212 5294
370 471 392 555 5
413 475 442 537 6.
463 488 605 535 orcrrron
627 474 652 534 1.
672 472 741 535 439.
763 472 783 556 ς
805 475 833 536 7.
855 489 1000 534 orararon
1021 471 1090 533 441.
1207 472 1268 533 245

198 691 296 735 noras
325 670 433 760 copias
463 668 660 748 adducebat,
692 690 789 758 quam
820 666 929 733 Livius
958 667 1050 733 nobis
1083 665 1266 757 descripsit;

201 783 277 849 huie
296 784 381 849 enim
403 782 428 847 si
448 781 573 862 credas,
592 782 729 848 dictator
748 781 891 847 oratione
906 780 1023 847 milites
1040 779 1084 845 ita
1101 780 1262 858 incendit,

200 909 236 962 ut
264 895 421 962 Samnites
453 895 718 962 circumvenerint
743 916 919 985 eorumque
940 906 1042 960 castra
1062 892 1264 984 diripuerint.

199 1008 256 1075 Sin
285 1021 391 1075 autem
423 1022 487 1076 tam
517 1009 599 1075 laeta
622 1009 684 1074 fuit
704 1007 854 1086 victoria,
878 1030 935 1073 cur
953 1031 1018 1073 non
1039 1006 1128 1072 duxit
1148 1005 1264 1071 trium·

200 1121 301 1213 plrum
326 1122 485 1188 dictator?
527 1120 729 1188 Contrarium
756 1120 905 1186 accidisse
923 1120 1075 1211 legimus,
1098 1141 1171 1184 nam
1192 1140 1265 1183 suc-

191 1256 304 1301 ·eessor
328 1236 354 1303 11
355 1234 429 1301 abio
448 1236 560 1301 missus
579 1249 626 1301 est
645 1233 680 1301 C.
701 1233 844 1299 Maeuius
863 1232 1003 1299 dictator
1020 1233 1069 1314 11,
1092 1234 1264 1301 exercitus·

197 1371 263 1438 que
291 1351 381 1415 noris
409 1348 596 1415 consulibus
616 1346 759 1413 Poetelio
782 1358 814 1411 et
832 1344 978 1439 Sulpicio
1000 1348 1142 1414 traditus.
1191 1349 1264 1415 Non

201 1461 339 1526 multum
361 1458 463 1524 laudis
481 1457 632 1524 Rulliauo
652 1456 812 1524 uindicare
830 1458 949 1536 ausim,
965 1481 1037 1524 uam
1055 1459 1141 1550 quod
1154 1483 1265 1527 erere*

202 1575 242 1640 rit
272 1595 306 1638 se
335 1595 383 1638 res
414 1572 557 1637 Romana
585 1593 648 1636 nou
682 1583 744 1635 tam
774 1569 869 1635 huius
890 1570 999 1636 rirtuti
1017 1585 1049 1638 et
1067 1575 1263 1641 constantiae

197 1686 394 1764 debebatur,
410 1706 506 1774 quam
530 1706 611 1749 noro
632 1683 782 1772 magistro
800 1683 856 1773 qui
873 1695 1015 1774 tempore
1032 1685 1177 1766 advenit,
1195 1687 1263 1754 sine

198 1800 289 1865 ouius
317 1797 440 1863 auxiliis
470 1797 576 1887 peiora
605 1796 808 1875 accidissent,
837 1797 957 1886 opinor.
1005 1797 1098 1866 Solus
1127 1799 1264 1866 dictator

197 1936 372 1990 novarum,
402 1933 480 2002 quas
508 1908 680 1975 adduxerat
707 1910 855 2000 magister
876 1911 1000 2000 copias,
1023 1913 1140 1978 certior
1159 1913 1261 1979 lactus

197 2038 279 2105 erat,
309 2023 396 2116 quod
427 2024 541 2090 celarit
570 2023 702 2101 milites,
733 2022 834 2088 etsie
861 2022 1092 2116 aliquantisper
1116 2026 1261 2093 occultus

197 2138 337 2205 substitit
370 2136 441 2214 ille,
473 2137 576 2203 donec
604 2135 693 2225 signo
721 2135 796 2201 dato
820 2135 927 2202 hostes
953 2136 992 2202 ab
1016 2149 1151 2229 utraque
1170 2152 1260 2231 parte

197 2250 334 2318 Romani
358 2249 494 2341 aggressi
516 2249 594 2328 siut,
619 2271 684 2339 quo
706 2248 802 2314 modo
819 2247 1027 2316 circumventi
1045 2262 1119 2315 sunt
1139 2263 1170 2316 et
1189 2274 1262 2318 mox

196 2365 227 2429 in
265 2364 375 2455 lugam
412 2362 490 2429 rarsi
524 2385 582 2453 per
615 2362 754 2441 diversa,
789 2373 865 2427 tuno
895 2362 1006 2429 multis
1033 2364 1130 2429 caesis
1157 2377 1261 2431 eastra

195 2489 290 2569 capta
313 2488 387 2543 sunt
411 2489 442 2543 et
466 2475 598 2569 direpta.

510 2636 529 2718 §
553 2636 582 2699 7.
633 2633 805 2721 [Dictator
830 2635 891 2699 441
918 2634 960 2723 1].

245 2817 335 2882 Anno
363 2819 427 2882 440
446 2816 542 2880 ¹vertit
563 2812 755 2879 Samnitium
776 2815 921 2891 fortuna,
946 2837 982 2879 ex
1003 2814 1095 2883 clade
1115 2816 1154 2882 ad
1176 2818 1261 2885 Lau-

196 2930 279 2995 tulas
312 2928 357 2994 nil
392 2927 617 3019 profecerunt,
651 2925 825 3018 Campania
858 2926 1007 3019 deinceps
1039 2929 1170 2997 subacta
1199 2945 1262 3014 est,

193 3041 274 3108 Sora
305 3041 436 3119 tradita,
469 3039 551 3105 Nola
581 3052 672 3131 capta
703 3052 735 3106 et
767 3040 861 3106 Atina
891 3062 927 3106 ac
960 3040 1090 3109 Galatia.
1138 3044 1261 3112 Harum

195 3178 300 3221 rerum
327 3155 395 3221 laus
424 3153 553 3219 dirersis
579 3155 696 3218 tributa
718 3165 765 3219 est
786 3154 1039 3244 magistratibus,
1063 3179 1137 3222 narn
1158 3157 1260 3224 dicta-

192 3279 241 3333 tor
270 3267 331 3333 hoc
360 3292 444 3333 anno
471 3267 505 3332 in
534 3266 634 3333 Fastis
659 3267 843 3356 legebatur3
867 3266 978 3334 lunius
1000 3269 1112 3335 consul
1136 3271 1178 3335 ab
1207 3270 1257 3336 his

193 3381 295 3447 fertur
322 3380 439 3447 Nolam
465 3382 600 3471 cepisse,
630 3380 767 3446 dictator
792 3380 952 3447 Poetelius
980 3383 1021 3447 ab
1043 3382 1122 3463 illis3
1147 3406 1257 3450 rerum

195 3493 280 3585 quod
299 3506 413 3585 supra²
436 3492 589 3573 vidimus,
607 3492 669 3559 hoo
689 3516 818 3585 quoque
840 3517 924 3560 anno
942 3495 1094 3562 accidisse
1111 3509 1256 3588 apparet,

192 3606 380 3672 dictatorem
404 3629 520 3696 nempe
548 3605 630 3671 olari
654 3604 778 3695 ligandi
799 3628 893 3670 causa
914 3603 1036 3672 dictum
1062 3630 1143 3684 esse,
1168 3608 1256 3698 quod

187 3719 250 3811 ipsi
272 3718 363 3784 Livio
382 3719 513 3797 excidit,
537 3718 576 3784 ad
597 3740 692 3808 quern
709 3741 758 3784 res
778 3718 913 3785 bellicae
929 3731 1046 3786 tractae
1062 3733 1144 3785 sunt.

235 3832 298 3899 Sed
327 3854 413 3897 nunc
441 3830 529 3897 aliud
558 3831 649 3910 rolo;
683 3830 873 3897 dictaturam
892 3835 952 3896 441
976 3832 1055 3897 falso
1075 3831 1175 3898 Fabio
1195 3833 1252 3898 tri·

189 3947 259 4012 huit
289 3945 462 4025 Diodorus,
492 3946 549 4036 qui
577 3945 617 4010 ab
646 3967 684 4010 eo
714 3944 874 4035 Fregellas
897 3956 1005 4036 captas
1026 3969 1093 4012 esse
1114 3945 1252 4036 scripsit,

190 4060 372 4149 multosque
401 4058 591 4124 excellentes
621 4081 710 4148 agros
740 4081 812 4124 oum
841 4058 952 4124 ineolis
980 4059 1014 4124 in
1039 4060 1106 4125 eius
1134 4061 1253 4126 venisse

190 4183 396 4261 potestatem,
429 4193 565 4261 quorum
597 4171 751 4238 ducentos
779 4171 911 4238 Romam
933 4195 1041 4239 seeum
1061 4172 1150 4239 duxit
1169 4186 1200 4240 et
1222 4174 1255 4240 in

180 4283 258 4385 ¹loro
269 4284 310 4352 de
321 4307 408 4351 more
420 4285 520 4350 securi
530 4285 702 4375 percussit,
722 4283 861 4375 denique
873 4285 987 4354 Nolam
1004 4287 1044 4354 ab
1060 4310 1098 4356 eo
1114 4301 1251 4380 captam.

216 4531 237 4601 ¹)
254 4534 330 4588 Diod,
347 4534 397 4587 sic.
416 4532 493 4585 xlx.
516 4539 571 4585 ror.
641 4531 662 4602 ²)
679 4535 718 4587 ct.
737 4550 793 4601 pag.
813 4537 871 4585 aaa.
