3212 5294
341 473 370 518 n.
380 475 484 521 rarius
494 476 525 519 rr.
537 477 565 520 r.
576 476 606 523 rr.
618 477 646 521 n.
659 456 838 540 consepto).
857 457 918 539 §L
934 473 1045 520 corsus
1056 457 1126 521 507.
1215 459 1276 521 219

199 702 202 707 <
249 652 345 744 Rapit
374 676 430 721 nes
458 652 511 720 bic
530 676 650 733 annus,
675 655 730 745 qui
748 665 795 720 est
815 652 1005 721 Hannibalis
1027 665 1037 705 ¹
1060 676 1162 721 annus
1183 666 1272 731 nata·

204 765 260 844 lis,
294 766 327 831 in
359 767 501 834 medium
531 766 654 833 bellum
681 766 839 833 Punicum
859 766 1016 856 primunr,
1045 765 1133 857 quod
1154 765 1274 832 Roma·

201 877 252 944 nis
278 878 343 944 fuit
370 879 591 946 calamitosum
617 878 777 946 nonnihil.
821 878 1021 969 Expulerunt
1040 878 1171 968 quidem
1192 879 1275 946 Poe·

203 1014 259 1059 nos
279 1015 317 1058 ex
337 990 465 1072 Sicilia,
498 1015 606 1060 rerum
633 991 817 1084 perplures
838 993 1005 1060 continuos
1028 1014 1128 1059 annes
1148 992 1274 1081 saepius

203 1103 244 1171 ab
272 1102 362 1171 hoste
392 1115 491 1179 outa
517 1104 762 1194 tempestatibus
788 1104 864 1170 vieti
890 1116 1000 1183 erant,
1023 1104 1069 1170 ita
1093 1114 1129 1171 ut
1150 1103 1273 1171 nullam

205 1217 397 1284 maritimam
427 1218 624 1308 susceperint
655 1217 910 1308 expeditionem
943 1217 1009 1283 iam
1036 1216 1110 1283 setis
1139 1228 1208 1281 erat
1237 1215 1274 1280 iis

204 1342 316 1396 contra
335 1331 515 1397 Poenorum
536 1331 668 1398 classem
690 1354 756 1396 rem
774 1353 897 1421 gerere,
922 1353 1004 1421 quae
1023 1329 1133 1397 ltaliae
1149 1350 1202 1394 ora
1223 1327 1274 1392 in·

203 1442 354 1521 festabat,
389 1442 430 1510 de
460 1444 529 1509 aliis
558 1446 609 1510 rix
639 1444 835 1535 cogitabant,
868 1444 1016 1535 priretim
1044 1430 1152 1533 p'otius
1178 1462 1275 1529 quam

201 1556 333 1645 publice
364 1556 487 1623 bellurn
511 1558 707 1625 maritimum
739 1557 909 1648 gerebatur
933 1578 992 1647 per
1011 1554 1186 1646 praedones
1208 1552 1275 1618 iere

202 1666 355 1745 dixerim,
382 1668 439 1757 qui
458 1667 568 1733 multis
589 1669 692 1735 modis
714 1667 839 1735 hostem
860 1668 1074 1746 lacessebant,
1098 1677 1129 1732 et
1151 1665 1275 1755 llippo·

203 1803 276 1845 nem
307 1780 420 1847 urbem
453 1779 577 1845 Africae
605 1782 798 1848 maritimam
825 1803 899 1847 cum
924 1780 1058 1846 naribus
1079 1778 1276 1867 aedibusque

204 1894 352 1959 incendio
370 1892 532 1971 delerunt;
549 1904 689 1959 attamen
708 1895 833 1960 incolae
848 1917 902 1959 eos
916 1917 974 1984 per
989 1904 1115 1959 catenas
1130 1891 1162 1957 in
1178 1902 1275 1982 portu

203 2006 423 2084 incluserunt,
454 2003 570 2069 frustra
597 2028 671 2069 nam
697 2016 764 2068 arte
790 2017 822 2069 et
851 2004 980 2068 lortuna
999 2025 1093 2069 nares
1114 2002 1277 2068 Romanae

204 2141 257 2183 eas
269 2127 473 2207 superarunt,
490 2127 521 2180 et
534 2114 633 2205 paulo
646 2113 770 2206 posted
783 2113 976 2178 Panormum
988 2111 1109 2176 Poenos
1123 2112 1276 2181 uicerunt.

247 2230 392 2296 Instabat
408 2251 508 2295 novus
520 2227 658 2293 hostium
677 2227 756 2304 dur,
777 2226 833 2315 qni
850 2224 971 2290 bellum
989 2224 1022 2289 in
1036 2222 1160 2288 Italiam
1174 2236 1276 2291 trans·

203 2344 288 2409 ferre
318 2342 445 2408 iamiam
472 2340 637 2432 cupiebat,
662 2338 854 2405 Hamilcare
880 2335 1068 2402 Hannibalis
1089 2335 1194 2417 filius,
1219 2339 1277 2428 qui

203 2455 267 2521 hoe
286 2478 371 2520 anno
392 2455 524 2521 classem
545 2453 682 2544 suscepit
698 2465 730 2518 et
746 2452 840 2517 rebus
857 2450 984 2516 Punicis
1001 2472 1144 2541 praeesse
1161 2452 1276 2542 coepit.

203 2566 278 2634 Non
312 2567 397 2633 enim
428 2589 501 2633 cum
532 2567 645 2633 ceteris
676 2566 848 2632 Zonarae³
881 2563 1097 2631 testimouium
1128 2565 1277 2655 coniungi

203 2692 330 2772 potest,
365 2680 532 2747 scribentis
554 2680 615 2745 iana
645 2702 728 2747 enno
748 2682 812 2747 492
838 2677 916 2744 belli
939 2677 1053 2747 ducem
1075 2699 1149 2742 eum
1170 2676 1277 2744 luisse.

204 2792 334 2860 Siciliae
354 2815 418 2859 nen
439 2794 546 2860 statim
569 2816 661 2884 opem
681 2793 771 2871 tulit,
796 2813 906 2859 rerum
927 2789 1005 2856 dum
1026 2790 1071 2856 ibi
1092 2791 1197 2857 classis
1218 2790 1276 2856 de·

201 2907 316 2997 gebat,
340 2905 424 2972 circa
447 2905 566 2972 Locros
589 2919 622 2972 et
644 2906 784 2972 Bruttios
807 2905 939 2985 mansit,
963 2927 1100 2995 quorum
1122 2928 1198 2995 agro
1220 2904 1278 2970 de·

202 3028 322 3089 cassato
351 3039 425 3082 curn
455 3028 521 3082 tota
549 3016 649 3083 classe
670 3017 864 3083 Panormum
889 3017 1015 3108 appulit
1035 3018 1185 3107 cepitque
1207 3040 1276 3083 cas·

207 3132 323 3199 tellum
354 3130 502 3208 Erotem,
530 3131 565 3195 τὸ
587 3132 638 3197 s’rrl
661 3138 717 3204 τῆς
742 3131 893 3211 Etpasto,
923 3129 1010 3219 quod
1032 3130 1174 3197 medium
1194 3131 1279 3197 inter

207 3246 346 3332 Erycem
362 3254 395 3308 et
413 3242 607 3307 Panormum
625 3240 725 3309 littori
744 3240 875 3307 adiacet.
907 3241 1032 3308 Locum
1054 3242 1148 3309 illum
1170 3245 1279 3311 muni-

207 3370 276 3425 tum
289 3368 401 3422 natura
411 3379 470 3447 per
488 3356 650 3445 ingentem
665 3366 796 3446 portum
810 3355 948 3419 munivit
966 3356 1091 3434 castris,
1107 3356 1279 3446 ubixquum

208 3471 370 3539 reiecisset
398 3470 548 3549 classem,
581 3491 705 3534 summa
730 3467 863 3533 audacia
886 3468 999 3535 ltaliae
1026 3491 1095 3533 oras
1116 3490 1278 3558 aggressus

208 3596 276 3665 est,
307 3606 385 3674 quas
405 3582 562 3673 usquead
584 3581 699 3649 Cumas
719 3581 901 3649 devastarit
948 3581 1072 3647 Deinde
1091 3581 1175 3647 circa
1195 3582 1280 3649 Pan-

208 3719 333 3763 ormum
353 3719 427 3762 cum
450 3696 602 3762 Romanis
628 3718 686 3786 per
710 3708 774 3762 tres
803 3718 902 3761 annos
922 3707 1050 3761 strenue
1071 3694 1159 3760 nario
1178 3694 1279 3761 Marte

206 3796 380 3900 pugnavit,
404 3810 471 3891 περὶ
500 3806 538 3874 ὧν
567 3810 628 3889 οὐχ
652 3804 711 3873 οἷόν
736 3832 773 3873 τε
803 3808 855 3875 διὰ
877 3815 935 3883 τῆς
962 3813 1090 3891 γραφῆς
1115 3808 1167 3872 rin
1191 3808 1279 3877 nord

207 3921 296 4003 μέρος
321 3923 488 3988 ἀποδοῦναι
515 3920 621 3999 λόγον.
1183 4004 1186 4008 ⁴

254 4033 390 4112 Fabius,
414 4033 491 4100 dum
510 4033 631 4124 collega
647 4031 687 4099 ad
707 4031 898 4120 Lilybaeum
918 4045 1000 4112 crat,
1021 4031 1206 4123 Drepanum
1224 4055 1280 4124 ag·

207 4170 330 4237 qressus
359 4159 421 4226 est,
455 4148 644 4238 Poenosque
672 4170 709 4213 er
738 4170 834 4237 parra
858 4145 962 4213 insula
990 4146 1118 4213 Peliade
1140 4146 1279 4237 expulit,

210 4283 305 4349 quam
327 4272 424 4326 nocte
443 4274 586 4351 ceperat,
616 4263 719 4327 tenuit
739 4283 808 4326 eam
830 4284 896 4326 nou
916 4260 982 4326 sine
1002 4259 1094 4341 dolo,
1118 4285 1191 4327 nam
1213 4260 1279 4328 lla·

240 4526 259 4595 ¹)
276 4530 367 4596 Polyb.
386 4530 448 4585 xv.
471 4534 500 4579 rs
521 4531 536 4593 s
554 4535 578 4580 s.
645 4526 666 4597 ²>
683 4530 774 4596 Polyb.
790 4530 814 4581 1.
832 4533 880 4593 sa,
901 4533 942 4581 m.
1010 4524 1030 4598 q
1049 4489 1126 4583 vin.
1148 4533 1188 4580 re.
