3194 5302
238 467 259 549 t
272 469 300 530 t.
311 484 389 528 rurs.
400 484 463 528 urs.
474 465 543 527 321.
564 464 625 549 55.
638 466 837 530 ssc.11.325.
855 464 876 548 ς
885 466 916 529 o.
929 484 1006 529 surr.
1019 484 1081 530 uis.
1092 469 1162 529 363.
1203 466 1241 527 71

171 662 342 754 Pomptino
362 685 452 752 agro,
467 659 593 739 Gumis,
610 659 784 752 Siciliaque
805 663 989 728 arcessitum
1009 685 1076 729 esse
1093 660 1238 728 truditur.

170 775 317 865 lienique
343 797 404 864 pro
433 770 616 839 valetudine
643 771 754 863 popuii
776 770 869 838 sedes
891 773 1049 864 Apollinis
1071 772 1133 839 boc
1153 793 1238 838 nuno

171 901 242 957 rota
261 899 325 967 cst,
348 909 444 977 quem
467 909 552 954 suno
571 887 637 951 323
658 883 695 953 G.
715 884 817 951 lulius
836 887 948 952 consul
970 886 1130 953 dedicavit
1153 901 1176 954 ¹.

483 1068 501 1153 §
526 1072 556 1133 5.
591 1065 740 1157 legatus
758 1063 800 1132 Il.
821 1070 885 1132 325
904 1079 928 1133 ².

216 1226 351 1292 Gravius
383 1247 483 1316 quum
510 1223 649 1289 instabat
678 1223 800 1290 bellum
826 1235 936 1289 contre
960 1225 1087 1314 Aequos
1107 1235 1138 1289 et
1158 1222 1239 1288 Vol·

172 1362 257 1418 scos,
277 1337 464 1405 consulibus
476 1333 513 1403 T.
525 1336 675 1421 Quinctio
691 1334 726 1403 G.
742 1335 843 1418 lulio,
860 1336 997 1404 dictator
1008 1338 1047 1406 Δ.
1058 1337 1239 1403 Postumius

172 1452 329 1520 Tubertus
355 1450 461 1517 dictus
490 1463 553 1528 est,
577 1450 630 1515 oui
654 1448 691 1515 L.
712 1448 813 1515 lulius
832 1451 981 1540 magister
1000 1450 1147 1541 equitum
1167 1450 1238 1515 tuit.

172 1565 215 1632 lli
248 1575 349 1630 cestro
381 1574 558 1655 posuerunt
596 1562 742 1641 Tusculi,
777 1560 945 1646 Quinctius
972 1563 1123 1643 Lsnurii,
1149 1564 1240 1629 cuius

168 1689 271 1745 cestre
291 1699 391 1767 quum
410 1675 518 1742 hostes
536 1687 634 1742 noctu
655 1675 759 1742 adorti
779 1688 899 1756 essent,
922 1676 1085 1767 extemplo
1102 1675 1241 1743 dictator

169 1789 201 1855 ei
229 1788 317 1855 misit
345 1787 501 1867 subsidium
536 1786 573 1872 Q.
592 1786 775 1879 Sulpicium
799 1789 940 1879 legatum
965 1789 1145 1878 (tribunum
1166 1790 1241 1856 euni

171 1904 252 1992 320)
285 1902 349 1968 suis
376 1901 486 1968 castris
511 1901 681 1993 praefecit,
713 1902 781 1992 ipse
807 1901 933 1969 hostem
960 1903 1099 1982 inridit,
1121 1903 1242 1995 equiti·

170 2017 231 2082 bus
255 2014 298 2082 ll
324 2015 424 2081 tatio
445 2014 550 2105 legato
571 2013 751 2105 adsignatis.
797 2014 967 2084 Contendo
995 2016 1138 2085 llercum
1165 2041 1242 2083 nos·

172 2141 258 2195 trum
288 2127 534 2218 intelligendum
567 2150 650 2205 esse,
683 2150 757 2195 num
785 2129 883 2219 legati
912 2151 979 2195 esse
1008 2130 1154 2197 solebant
1184 2130 1243 2197 riri

172 2241 355 2308 consulares
385 2253 440 2308 aut
460 2241 633 2307 tribunicii.
682 2242 846 2308 Acerrime
864 2254 1040 2334 pugnatum
1060 2255 1124 2321 est,
1146 2243 1243 2308 multi

173 2355 349 2433 vulnerati,
381 2357 465 2422 iuter
493 2377 574 2446 quos
601 2355 718 2422 Fabius
748 2377 896 2445 quoque,
927 2357 979 2421 cui
1009 2355 1114 2422 femur
1143 2379 1244 2447 prope

173 2469 317 2535 adfixum
341 2479 388 2535 cst
411 2492 507 2561 equo.

405 2651 423 2737 §
448 2653 480 2717 6.
519 2648 702 2739 [Tribunus
724 2651 870 2715 militum
894 2652 959 2716 363
983 2651 1021 2740 3.]

221 2806 392 2898 Sequitur,
421 2819 457 2874 ut
477 2807 518 2874 de
542 2806 676 2873 Diodori
693 2830 800 2873 errore
819 2830 967 2874 moneam
990 2808 1023 2873 in
1043 2807 1117 2873 loco
1136 2806 1177 2873 de
1198 2807 1246 2872 le·

175 2922 306 3011 gatiouc
336 2919 477 2986 liliorum
509 2924 553 3007 (9.
578 2923 708 3008 tunt
735 2920 835 2986 Murci
861 2921 970 2988 nostri.
1009 2920 1133 2987 llorum
1165 2942 1248 2986 unus

174 3044 284 3100 orator
310 3033 423 3100 missus
453 3030 598 3100 Clusium
627 3046 823 3124 pugnaverat
847 3046 959 3101 contre
979 3033 1108 3113 Gallos,
1130 3033 1249 3124 quibus

105 3200 110 3209 .
174 3147 264 3214 illius
289 3147 486 3214 deditionem
502 3147 686 3238 petentibus
704 3170 804 3238 quum
825 3148 928 3213 nollet
944 3168 1089 3212 recusare
1106 3158 1247 3224 senatus,

177 3261 381 3328 reuerendus
403 3272 495 3353 puter
515 3259 549 3326 id
570 3273 617 3327 est
636 3261 728 3327 hicce
748 3261 874 3327 Morcus
893 3261 932 3326 ed
953 3261 1110 3351 populum
1130 3281 1248 3350 proro-

175 3373 280 3453 corit3
309 3375 323 3438 ὃ
352 3375 475 3455 πατήρ,
505 3374 614 3440 scribit
640 3374 815 3454 Diodorus,
838 3380 892 3440 τοῦ
917 3375 1089 3454 μέλλοντας
1115 3375 1248 3454 trapsil-

175 3486 280 3553 bocict
314 3487 374 3551 τῶν
404 3485 584 3568 χιλιάρχων
615 3484 659 3560 εἷς
690 3488 729 3553 ὢν
758 3496 817 3554 τῶν
847 3489 904 3562 τὴν
927 3486 1084 3560 ὑπατικὴν
1105 3485 1248 3564 ἐξουσίαν

175 3598 315 3679 ἐχόντων
341 3600 392 3664 ἐπὶ
424 3600 477 3664 τὸν
502 3600 598 3680 δῆμον
634 3601 881 3682 προεκαλέσατο.
929 3600 1004 3665 Fuit
1031 3621 1106 3688 ergo
1137 3597 1249 3682 Quinti

175 3722 270 3801 peter
300 3709 448 3775 tribunus
478 3708 541 3775 hoc
572 3732 670 3789 onno;
699 3721 732 3775 et
754 3710 821 3800 ipse
841 3709 999 3776 Diodorus
1020 3722 1033 3761 ⁴
1059 3708 1153 3775 huius
1172 3710 1249 3774 noui

176 3822 337 3906 τέτταρας
366 3823 512 3890 tribunos
541 3824 752 3890 enumeravit:
776 3824 812 3890 L.
835 3823 1038 3902 Lucretium,
1061 3820 1150 3888 Serv.
1172 3819 1250 3887 Sul-

175 3935 318 4025 picium,
341 3934 377 4003 0.
397 3937 586 4015 Aemilium,
610 3935 647 4003 (l.
668 3936 800 4003 Rufum.

224 4047 341 4114 Procul
370 4047 469 4115 dubio
496 4049 655 4116 Diodorus
678 4050 796 4116 invitus
817 4052 925 4142 lupsus
944 4054 1008 4129 cst,
1039 4048 1167 4115 volebat
1186 4047 1249 4114 sibi

175 4159 317 4228 Fabium
339 4161 440 4229 sirum
463 4162 559 4228 luisse
576 4162 633 4250 qui
654 4161 794 4227 multum
817 4163 848 4228 io
868 4160 1032 4253 republica
1051 4161 1196 4251 pollebat
1216 4174 1248 4228 et

207 4450 229 4513 ¹)
249 4451 304 4500 Isiu.
324 4453 375 4501 IV.
394 4457 436 4502 29.
524 4448 544 4515 ²)
563 4452 688 4502 Liv.1v.
709 4454 756 4510 27,
776 4454 816 4500 28.
901 4445 920 4514 ³)
939 4449 1014 4500 Diod·
1033 4449 1084 4501 sic.
1103 4449 1180 4502 XIV.
1199 4455 1255 4500 113.

169 4531 190 4600 tt
211 4533 290 4585 x1v.
312 4540 369 4585 107.
