3194 5302
299 462 318 524 8
604 462 624 544 5
647 460 675 521 1.
695 478 808 522 aaaron
830 478 933 522 ocurrs
954 478 1069 522 rraran.

306 664 423 755 quibus
440 686 540 729 cornu
558 665 691 753 plenum
714 678 779 744 est,
810 665 953 731 fabarum
975 687 1103 756 quoque
1123 664 1271 753 siliquas,
1295 686 1373 754 quas

307 778 431 843 etiamsi
450 777 482 841 iu
502 777 665 844 fructuum
688 780 779 869 copia
802 779 850 845 vir
876 778 1048 843 desiderari
1066 800 1158 869 posse
1176 776 1262 842 haud
1279 799 1376 867 nega·

308 890 428 969 aerim,
458 902 565 956 tamen
593 892 627 957 in
655 892 693 957 iis
721 891 874 970 denariis,
901 914 982 981 quos
1002 892 1081 957 meis
1102 892 1170 981 ipse
1190 890 1290 956 oculis
1309 888 1393 955 lus·-

308 1004 477 1082 trarerim,
500 1005 631 1070 omnino
654 1028 671 1068 a
691 1005 803 1070 ceteris
824 1003 955 1069 lloribus
966 1002 1166 1070 fructibusve
1176 1006 1224 1069 rix
1235 1001 1379 1092 dignosci

308 1139 400 1208 posse
428 1117 600 1207 perhibeo,
634 1129 703 1182 tum
733 1119 767 1182 in
788 1140 904 1183 corona
924 1118 1025 1207 spicas
1047 1129 1080 1182 et
1102 1116 1234 1207 glandes
1253 1138 1379 1182 necnon

309 1231 418 1296 laurea
442 1232 599 1297 cernimus
611 1281 620 1311 ,
647 1230 891 1302 nnmfabarnrn
914 1253 1043 1320 quoque
1065 1229 1144 1296 folia
1165 1240 1196 1295 et
1217 1228 1380 1295 folliculos

308 1367 374 1408 non
403 1367 462 1432 ego
492 1343 733 1424 contenderim3
763 1344 903 1432 denique
935 1343 1080 1408 fabarum
1107 1343 1286 1421 culturam,
1317 1365 1380 1432 qua

310 1457 388 1521 olirn
412 1456 560 1547 princeps
584 1458 687 1547 gentis
711 1456 922 1534 inclaruerat,
946 1479 1008 1521 non
1033 1457 1145 1522 annuit
1169 1478 1328 1522 nummus.

357 1568 491 1652 Quando
520 1571 632 1636 riserit
652 1570 797 1636 labarum
822 1571 881 1634 iste
908 1581 1007 1649 sator,
1038 1570 1239 1660 ignoramus,
1268 1568 1322 1635 sad
1342 1591 1381 1634 eo

311 1682 532 1771 antiquissimo
563 1695 723 1774 tempore,
765 1684 891 1774 opinor,
922 1706 1024 1772 quum
1054 1682 1192 1749 Romani
1218 1682 1258 1748 ad
1280 1704 1382 1747 unum

313 1817 421 1861 omnes
446 1808 587 1886 pastores
609 1810 698 1862 erant
721 1809 752 1861 et
772 1809 919 1861 aratores.
964 1797 1070 1861 Fabae
1091 1794 1251 1861 culturam
1269 1816 1382 1886 perve-

310 1919 428 1973 tostam
457 1909 554 1975 luisse
575 1909 660 2000 apud
684 1910 844 1975 Romanos
865 1907 984 1974 indicat
1004 1910 1083 1975 ritus
1103 1910 1178 1988 ille,
1205 1933 1242 1975 er
1263 1930 1327 2000 qno
1348 1908 1380 1972 in

312 2023 539 2113 antiquissimis
571 2025 666 2089 sacris
699 2045 771 2088 usus
793 2023 884 2088 fabae
905 2034 937 2087 et
958 2022 1050 2087 larris
1069 2021 1185 2088 fabalis
1203 2021 1382 2112 praescrip·

311 2145 363 2198 tus
383 2144 468 2213 erat,
501 2133 588 2224 quod
611 2134 666 2199 diu
688 2135 889 2224 perdurarit3
911 2157 1008 2224 quam
1028 2157 1095 2200 rem
1117 2159 1176 2225 ego
1196 2136 1240 2199 sio
1260 2134 1382 2200 intelli-

311 2268 371 2334 go,
393 2258 429 2311 nt
445 2268 545 2337 quum
562 2270 649 2313 sacra
669 2248 725 2313 illa
745 2247 1382 2338 instituerentur,fabae‘praecipnccole·

312 2355 449 2437 bantur,
483 2382 621 2448 quarum
651 2359 795 2425 decimae
825 2362 890 2426 sire
911 2360 1070 2450 primitiae
1089 2359 1137 2425 dis
1159 2360 1384 2426 sacrificaban-

312 2482 376 2536 tur.
418 2470 465 2536 Ile
485 2473 620 2563 antiqua
639 2472 732 2538 labae
753 2473 877 2538 cultura
901 2495 982 2563 quae
1003 2473 1190 2564 conscripsit
1209 2472 1265 2539 Th.
1286 2473 1322 2540 G.
1340 2473 1383 2539 Μ.

311 2583 443 2648 Plundl
476 2584 539 2649 hnc
569 2584 654 2650 trahi
673 2598 821 2675 possunt,
855 2585 909 2650 sed
931 2584 1061 2650 omnino
1081 2609 1146 2650 non
1166 2587 1319 2652 assentior
1337 2585 1385 2650 illi

311 2697 346 2760 in
379 2695 522 2760 ridiculis
562 2698 763 2786 etymologiis
802 2697 841 2762 de
881 2697 989 2762 Modio
1026 2697 1175 2778 Fabidio‚
1211 2700 1267 2789 qui
1304 2696 1384 2765 Osee

312 2806 444 2870 Mettius
471 2806 496 2871 F
500 2806 630 2873 allatius
651 2809 775 2873 audiret
797 2809 939 2888 seilicet3
970 2832 1028 2875 nec
1049 2834 1122 2876 raro
1141 2810 1235 2877 huius
1255 2810 1320 2877 loci
1337 2825 1385 2878 est

312 2919 371 2983 ista
403 2921 553 3009 persequi
582 2932 613 2986 et
642 2921 806 2999 refellere,
837 2934 868 2987 et
889 2935 925 2986 ut
948 2923 1164 3004 veredicum,
1185 2948 1249 2990 non
1271 2948 1385 3017 operae

314 3031 453 3121 pretium
479 3033 619 3100 ridetur.

478 3270 482 3276 .
577 3193 649 3276 §Z
696 3193 823 3258 Patria
849 3192 967 3260 Gentis
990 3195 1127 3262 Fatuae.

362 3371 508 3436 Plinins2
541 3372 633 3438 nobis
655 3386 765 3440 auctor
785 3387 831 3440 est
850 3376 882 3439 in
902 3389 1011 3441 monte
1034 3377 1157 3443 Albano
1171 3379 1308 3469 populos
1323 3377 1387 3445 Fa-

318 3483 443 3549 bienses
464 3484 639 3567 habitasse,
658 3487 734 3553 hinc
755 3490 896 3578 proxime
919 3490 1033 3555 Albam
1054 3491 1197 3581 Longam
1216 3493 1274 3557 sita
1290 3493 1386 3558 fuisse

319 3596 460 3661 creditur
490 3598 564 3663 urbs
585 3599 700 3679 Fabia,
730 3624 826 3690 quam
851 3624 890 3666 an
916 3616 1040 3667 nostrae
1069 3604 1171 3693 gentis
1198 3605 1308 3694 proavi
1339 3617 1387 3671 te·

319 3711 467 3788 noeriut,
496 3710 601 3776 dicere
627 3735 691 3777 non
712 3713 886 3792 habemus,
916 3715 979 3780 imo
999 3713 1201 3804 disputarunt
1222 3717 1281 3781 riri
1300 3717 1389 3783 docti

320 3834 466 3888 essentne
486 3847 523 3889 ex
543 3823 664 3889 Latinis
684 3849 723 3890 an
744 3850 781 3892 ex
803 3825 927 3892 Sabinis
946 3828 1082 3894 oriundi.
1130 3826 1184 3893 Sic
1202 3829 1386 3897 Dedericb⁸

320 3946 452 4024 propter
473 3938 762 4025 pravamPliniani
785 3939 847 4004 loci
866 3940 1173 4030 interpunctionem,
1196 3942 1236 4008 de
1258 3966 1321 4033 qua
1340 3945 1389 4009 ri-

323 4047 363 4111 de
383 4049 619 4128 B0rnemannt,
644 4051 755 4116 urbem
776 4051 864 4116 illam
884 4052 915 4115 in
936 4076 1012 4142 agro
1032 4053 1148 4120 Latino
1167 4056 1258 4121 sitam
1277 4055 1388 4122 crede-

323 4159 395 4239 bat,
412 4161 500 4250 atqui
520 4162 612 4227 nullo
634 4163 734 4228 dubio
756 4164 923 4229 obnoxiam
945 4167 1098 4256 originem
1118 4168 1285 4250 Latinam,
1303 4181 1389 4236 recte

352 4447 371 4514 ¹)
390 4447 431 4498 De
449 4447 570 4515 antiquiss.
589 4466 630 4515 op.
649 4447 708 4500 Ital.
727 4449 810 4499 Fabae
828 4449 923 4502 cultura
939 4468 969 4502 cc
985 4453 1104 4520 religione.
1146 4450 1165 4522 ²)
1183 4453 1219 4506 H.
1237 4454 1276 4506 N.
1294 4459 1345 4511 HI.
1365 4464 1391 4510 5.

320 4530 340 4600 εὗ)
359 4549 382 4598 p.
405 4539 461 4584 152.
532 4532 552 4601 ¹¹)
573 4531 745 4585 Altlctiaiscbe
767 4532 945 4603 Oborogruplrie
962 4538 1011 4589 urtd
1027 4535 1188 4606 Stddtheacb.
1206 4557 1230 4607 p.
1251 4544 1291 4594 ta.
