3194 5302
554 449 575 532 5
597 448 625 510 l.
646 464 752 510 rorans
774 465 869 510 saara.
1210 451 1248 511 17

173 644 253 710 aliae
288 664 420 734 quoque
451 642 552 709 tribus
589 644 741 736 leguntur
768 656 803 723 ¹3
841 665 924 734 quae
954 665 1056 734 quum
1095 641 1167 707 talis
1202 641 1242 706 sit

172 758 310 848 farrago,
335 755 412 848 quid
432 779 551 847 quaeso
568 757 698 848 prodest
716 758 878 848 inquirere
899 757 932 823 in
947 757 1034 837 loca,
1052 756 1109 822 ubi
1125 756 1240 821 insen-

169 882 220 936 tae
242 871 306 936 sint
325 869 549 961 inscriptiones
569 871 665 952 istae,
688 868 822 963 possunt
843 871 930 937 enirn
951 870 1037 936 tituli
1056 891 1123 935 esse
1141 868 1238 959 positi

169 983 281 1075 quovis
308 982 381 1048 loco
408 983 548 1048 moriens
572 982 655 1050 lorte
676 983 805 1050 fortuna
826 982 970 1074 degeret,
994 981 1080 1049 unde
1101 1004 1165 1046 non
1188 1003 1238 1047 se·

169 1098 278 1188 quitur
297 1097 406 1162 locum
427 1095 515 1162 bunc
535 1097 586 1162 rel
606 1097 699 1163 illum
720 1096 759 1163 ad
781 1108 901 1163 certam
922 1096 1083 1188 pertinere
1102 1094 1239 1172 tribum,

168 1210 214 1275 nil
234 1209 412 1302 quidquam
433 1231 604 1276 commune
625 1210 724 1277 babet
744 1212 828 1277 ratio
848 1210 991 1276 tribuum
1009 1231 1084 1276 cum
1105 1229 1238 1299 geogra-

167 1323 257 1415 phia,
283 1334 319 1388 ut
343 1322 534 1414 quibusdam
558 1322 686 1389 ridetur
710 1336 736 1390 ².

212 1437 355 1502 Praestat
374 1436 577 1505 classicorum
602 1435 641 1502 de
663 1448 769 1503 nostra
794 1437 880 1502 tribu
904 1435 1086 1501 testimonia
1105 1455 1241 1524 percur-

170 1572 253 1628 rere,
279 1548 441 1616 Ciceronis
463 1558 476 1596 ²
497 1549 570 1616 loco
591 1550 687 1616 misso
709 1549 874 1617 rideamus
893 1549 933 1616 dc
953 1548 1129 1615 Horatiano
1152 1560 1181 1612 ⁴:

303 1660 387 1729 »bic
406 1662 547 1728 multum
568 1663 601 1728 in
623 1663 721 1728 Fabia
744 1663 844 1738 salet,
869 1662 925 1728 ille
949 1661 1094 1727 Velina.”

168 1775 206 1840 ad
242 1797 339 1867 qnam
375 1775 483 1845 locum
519 1775 632 1867 Cruqii
668 1777 927 1843 commentatoris
969 1775 1142 1867 explicatio
1173 1796 1238 1838 non

165 1888 288 1978 placet,
318 1889 467 1980 cogitarit
492 1888 579 1954 enim
599 1890 719 1970 lector,
744 1891 959 1981 nescioquis,
984 1888 1069 1955 haud
1091 1890 1136 1955 ita
1156 1887 1240 1978 lepi-

166 2001 225 2066 dus
245 2001 286 2069 de
309 2002 431 2068 familia
449 2001 611 2082 Romana,
634 2003 749 2068 ubido
770 2003 854 2070 tribu
875 2026 979 2069 sermo
997 2015 1060 2082 est,
1084 2025 1156 2068 nam
1175 2000 1240 2065 Ve-

166 2113 232 2180 lina
259 2137 342 2204 quac
367 2112 419 2178 hic
447 2114 622 2205 opponitur
647 2115 780 2196 Fabiae,
804 2139 868 2182 non
893 2128 941 2182 est
962 2115 1082 2181 familia
1104 2113 1158 2181 sed
1182 2115 1241 2179 tri·

165 2227 240 2306 bus,
269 2228 303 2292 in
325 2248 387 2317 qna
408 2226 631 2317 suffragatores
651 2227 832 2319 quomodo
852 2229 974 2319 captari
996 2228 1118 2319 possint
1144 2226 1240 2293 docet

164 2349 275 2431 poeta:
310 2340 365 2406 »si
396 2340 596 2407 fortunatum
627 2342 746 2433 species
767 2355 799 2408 ct
820 2344 918 2432 gratia
938 2352 1090 2433 praestat,
1114 2362 1238 2406 merce-

163 2477 236 2518 mur
257 2476 403 2532 serrum,
433 2455 490 2543 qui
512 2453 614 2520 dictet
633 2455 799 2533 nomina,’'
828 2454 861 2519 id
883 2465 929 2521 est
950 2453 1237 2531 nomenclatorem,

164 2568 222 2656 qui
250 2567 376 2633 laevum
407 2567 490 2634 latus
521 2567 656 2646 fodicet,
690 2580 723 2634 et
748 2567 850 2647 dicat,
874 2578 909 2632 tn
930 2566 1006 2632 huic
1026 2579 1058 2632 et
1074 2566 1123 2631 illi
1141 2566 1239 2649 'blan-

164 2680 267 2759 diare,
292 2693 324 2746 et
345 2693 467 2772 »cogat
490 2694 573 2747 trans
593 2680 735 2772 pondera
756 2680 896 2747 dextram
915 2680 1110 2771 porrigere?
1129 2678 1236 2757 idest,

163 2791 389 2860 humilioribus
419 2795 452 2860 in
479 2794 618 2860 tabernis
642 2807 728 2861 trans
750 2793 893 2885 pondera
914 2791 1071 2859 salutandi
1093 2804 1125 2858 et
1145 2791 1238 2858 blan-

168 2905 278 2973 diendi
302 2929 404 2973 causa.

211 3019 335 3085 Tertius
356 3020 496 3110 denique
514 3020 604 3086 locus
620 3032 666 3086 est
687 3019 834 3086 Suetonii
854 3034 885 3100 ⁵,
910 3020 966 3086 ubi
986 3032 1091 3085 narrat
1113 3019 1237 3109 Augus-

162 3145 231 3198 tum
253 3134 422 3224 pristinum
447 3134 496 3199 ius
515 3134 659 3199 tribuum
684 3133 861 3212 reduxisse,
885 3155 921 3198 ac
941 3131 1113 3222 multiplici
1131 3154 1236 3221 poena

163 3245 289 3310 ambitu
325 3246 468 3311 coercito
504 3245 683 3311 »Fabianis
714 3258 746 3312 et
786 3245 1025 3336 Scaptiensibus
1062 3243 1235 3309 tribulibus
1275 3309 1279 3315 ,

162 3358 245 3423 suis''
261 3357 313 3423 die
333 3359 536 3424 comitiorum
555 3358 677 3449 singula
695 3383 711 3423 a
731 3382 762 3424 se
778 3359 880 3424 millia
896 3381 1063 3424 nummum
1083 3357 1234 3423 divisisse.

162 3470 219 3535 Est
239 3469 300 3536 boc
320 3473 452 3537 unicum
474 3472 670 3562 exemplum,
694 3472 781 3564 qnod
802 3472 917 3538 doceat
935 3473 1074 3562 aliquem
1097 3469 1234 3536 adduas

162 3583 264 3648 tribus
293 3583 472 3674 pertinere,
503 3607 584 3675 quac
608 3584 688 3650 ratio
712 3586 756 3650 ita
788 3585 938 3675 explicari
969 3585 1068 3662 solet,
1101 3595 1137 3649 ut
1165 3584 1232 3648 Au-

160 3709 270 3786 gustus
291 3710 423 3787 propter
446 3696 562 3763 Iuliam
588 3711 715 3787 gentem
734 3698 925 3789 pertinuerit
941 3696 1121 3787 adoptionis
1137 3717 1232 3762 causa

160 3809 200 3874 ad
222 3809 370 3890 Fabiam,
394 3824 526 3902 propter
546 3809 709 3877 Octaviam
728 3835 802 3878 sero
818 3811 857 3876 ad
878 3810 1051 3901 Scaptium.
1086 3809 1123 3873 ln
1141 3811 1251 3874 cuius·

78 3940 82 3952 ·
160 3923 208 3987 rei
233 3923 449 3990 testimonium
473 3924 585 3990 titulus
609 3926 738 3990 affertur
762 3933 792 3990 ⁶:

188 4162 209 4227 ¹)
227 4166 306 4226 Iulia,
331 4167 460 4225 Antonia,
486 4165 580 4226 Atilia,
607 4163 693 4225 Catia,
720 4164 840 4225 Claudia,
866 4163 968 4224 Clodia,
986 4164 1117 4226 Cornelis,
1135 4166 1231 4226 Statio,

160 4250 293 4310 Terentia,
320 4251 438 4310 Valeria,
464 4250 556 4310 Aelia,
583 4251 679 4312 Eppia,
703 4251 786 4311 Titia,
803 4250 928 4310 Domitia,
946 4251 1058 4312 Lucilia,
1076 4251 1231 4314 Pomponia,

159 4332 296 4395 Coerellia,
322 4335 412 4395 Iunia,
437 4335 552 4385 Laberio.
622 4329 642 4398 ²)
660 4333 798 4385 Grotefend
823 4335 851 4384 in
877 4332 997 4384 Zer'tsclrr.
1018 4335 1048 4399 f.
1070 4332 1230 4383 Alamannam.

161 4420 240 4478 1836,
266 4420 300 4469 N.
329 4424 472 4470 tlt-118.
542 4414 625 4484 ⁵)Ad
643 4419 712 4483 fam.
732 4420 811 4469 VTII.
831 4424 846 4467 8
865 4417 878 4482 b
896 4423 921 4467 5.
991 4416 1011 4484 4)
1031 4415 1085 4468 Sal.
1103 4420 1126 4468 I.
1145 4423 1169 4469 6.
1189 4425 1231 4468 52.

160 4497 182 4567 ⁶)
200 4498 263 4567 Auq.
281 4509 323 4553 40.
393 4502 414 4571 ⁶)
432 4503 504 4556 Grut.
528 4501 554 4554 0.
574 4501 596 4554 I.
616 4520 640 4569 p.
659 4503 814 4566 CCXXVI,
832 4504 865 4554 N.
884 4507 909 4552 3.

1068 4597 1087 4657 2
