3154 5294
581 1025 774 1120 LIBER
800 1025 870 1119 Ν.

544 1223 686 1283 FABII
719 1225 900 1285 LICINl.

626 1492 836 1526 Qec»-

601 1711 784 1785 CAPUF
811 1713 840 1784 Ι.

266 1904 362 1952 cirus
384 1904 501 1952 rimus
525 1903 557 1950 rr.
582 1904 611 1950 r.
639 1886 699 1974 (n.)
727 1905 755 1951 rc
783 1885 912 1975 (nonso)
941 1905 1071 1954 merrus
1099 1891 1181 1979 (28).

566 2070 583 2153 §
610 2072 638 2132 1.
689 2065 879 2157 Cognomen.

234 2250 341 2314 Potest
356 2270 534 2338 cognomen
553 2248 654 2314 Licini
670 2247 839 2315 cohaerere
854 2269 928 2314 eum
943 2248 1100 2314 adiectiro
1117 2253 1255 2329 licinus,

182 2360 327 2442 ἁναὶθριξ,
364 2360 448 2450 quod
478 2361 517 2428 dc
549 2385 587 2427 eo
616 2362 734 2427 dicitur
755 2362 811 2452 qui
833 2383 938 2427 comas
959 2383 1082 2427 sursum
1103 2363 1255 2454 crispatas

184 2473 265 2562 gerit
299 2483 327 2543 ¹:
361 2495 420 2538 nec
451 2485 557 2539 tamen
579 2473 694 2553 credo,
717 2474 823 2564 potior
843 2473 966 2538 etiamsi
986 2474 1105 2538 incerta
1126 2486 1252 2563 etymo-

182 2586 266 2675 logia
297 2585 441 2664 ridetur,
474 2588 499 2651 si
529 2611 546 2651 a
578 2598 700 2651 textura
725 2587 852 2651 Licinus
872 2585 974 2651 dictos
995 2574 1152 2676 posueris,
1172 2590 1252 2653 licia

182 2699 269 2764 euim
299 2699 355 2764 tila
384 2711 473 2777 sunt,
507 2688 624 2789 quibus
648 2699 849 2791 implicatum
880 2712 927 2764 est
949 2711 1079 2766 stamen.
1128 2700 1250 2766 Eodem

181 2812 373 2901 cognomine
394 2812 431 2879 L.
453 2813 583 2878 Porcius
604 2813 716 2878 consul
738 2816 803 2878 570
824 2811 992 2901 gaudebat.

546 2998 563 3079 §
589 2999 619 3059 2.
671 2994 885 3084 Genealogia.

227 3149 329 3215 Huius
359 3149 427 3218 caii
458 3175 613 3241 agnomen
644 3151 787 3217 nondum
818 3163 963 3217 constare
991 3150 1131 3230 videtur,
1164 3153 1249 3242 apud

176 3264 343 3331 Velleium
372 3265 461 3331 audit
493 3265 609 3331 Fabius
636 3265 764 3343 Dorso,
794 3265 942 3354 Eutropii
974 3263 1097 3330 codices
1128 3266 1248 3330 variant

180 3376 219 3444 O.
245 3376 354 3444 Gaius
374 3391 405 3444 et
429 3380 584 3457 Gallius,
607 3381 733 3445 Fabius
752 3391 784 3445 ct
804 3380 999 3462 Fabricius,
1024 3400 1148 3444 necnon
1159 3378 1247 3444 Lus·

174 3494 293 3569 cinus,
316 3492 482 3558 lucinius
510 3504 542 3559 et
567 3493 720 3559 Licinius
730 3516 741 3569 ;
768 3491 971 3559 Cassiodorus
988 3513 1024 3556 er
1041 3491 1132 3558 Lirio
1148 3491 1246 3557 babet

179 3602 218 3668 G.
252 3605 399 3680 Fabius;
437 3608 539 3672 buon.
568 3604 645 3672 Nor.
675 3605 824 3670 lucinus
836 3627 848 3681 ,·
883 3603 967 3669 Fast.
998 3602 1060 3670 Sic.
1093 3604 1243 3675 Λίκιννος.

174 3717 226 3782 Er
257 3716 373 3807 quibus
402 3719 549 3785 omnibus
579 3717 766 3808 Onuphrius
788 3718 945 3783 Panrinus
967 3716 1122 3794 confecit,
1149 3738 1245 3805 quem

171 3828 273 3895 multi
298 3844 489 3920 sequuntur:
514 3845 676 3897 mortuum
697 3853 761 3896 esse
782 3831 815 3894 in
834 3830 1020 3920 magistratu
1043 3827 1079 3896 C.
1092 3828 1244 3906 Fabium,

171 3943 270 4032 eique
296 3944 462 4010 suffectum
487 3944 523 4012 C.
549 3943 732 4009 Fabricium
755 3944 930 4008 Luscinum
949 3945 1013 4022 1113
1041 3942 1096 4007 alii
1117 3954 1242 4007 utrum-

172 4077 241 4146 que
275 4079 451 4146 cognomen
486 4059 734 4136 eoniunxcrunt,
771 4069 802 4122 et
837 4057 881 4122 sic
910 4056 1029 4147 prodiit
1059 4055 1093 4124 G.
1124 4054 1241 4120 Fabius

169 4169 277 4233 Dorso
298 4169 436 4235 Licinus.
471 4171 631 4261 Fquidem
653 4169 731 4236 hacc
749 4182 876 4237 tantum
897 4182 1034 4236 statuere
1052 4168 1170 4237 audeo:
1188 4191 1242 4233 er-

167 4279 343 4372 pellendus
360 4293 407 4346 est
424 4282 458 4349 Ο.
470 4282 635 4348 Fabricius
647 4283 707 4348 iste
722 4305 759 4348 er
779 4281 926 4370 Eutropii
943 4281 1107 4348 codicibus
1124 4285 1241 4372 peioris

203 4534 222 4599 ¹)
241 4535 313 4586 Serv.
332 4534 367 4584 od
385 4534 474 4601 Georg.
493 4537 543 4587 111.
564 4541 604 4585 54.
