3212 5294
304 448 363 513 222
449 463 480 507 ιι.
493 459 595 506 usurus
605 462 636 506 ιι.
649 462 676 507 r.
688 459 720 504 u.
730 459 758 506 u.
770 461 864 527 aurun
873 443 948 527 (31).
966 444 1027 527 52.
1045 446 1235 509 casanaula.

305 664 407 734 quum
424 641 460 708 I..
480 642 591 708 Iunius
610 640 650 707 ad
672 639 873 708 camarinam
886 640 1008 708 Poenos
1028 641 1159 733 quidam
1176 643 1286 708 vicisse
1300 665 1374 709 nar·

305 769 393 822 ratur
414 778 431 821 a
453 754 586 844 Polybio
610 768 638 833 ¹,
661 752 833 820 Diodoroa
855 765 887 819 et
909 752 1021 821 0rosio
1039 768 1069 834 ³,
1103 778 1212 822 verum
1240 757 1370 822 naufra-

303 870 357 961 gio
377 880 476 935 totam
496 869 635 934 amisisse
656 868 808 948 classam3
839 879 871 934 ct
890 865 935 933 sic
953 880 1077 935 mutato
1096 869 1228 935 nornine
1249 882 1281 935 at
1300 870 1372 936 locu

214 1001 220 1011 ·
303 994 440 1073 utraque
471 983 556 1048 fama
586 986 765 1073 conspirat,
805 981 982 1048 dummodo
1016 982 1102 1074 apud
1132 981 1280 1050 Orosium
1311 1006 1369 1076 pro

307 1094 390 1162 Caio
412 1119 450 1163 cx
475 1096 563 1162 Iastia
586 1095 761 1162 restituaris
795 1093 834 1162 L.

539 1346 543 1351 -
641 1302 659 1386 §
686 1303 719 1369 2.
770 1297 895 1365 Censor
919 1303 985 1367 513
1010 1310 1036 1367 ⁴.

487 1459 517 1506 Μ.
535 1456 635 1505 nurus
654 1458 684 1506 u.
703 1458 729 1507 F.
748 1458 777 1507 M.
797 1458 824 1506 II.
842 1457 933 1505 Burro
1055 1458 1082 1508 L.
1100 1457 1124 1506 F.
1143 1456 1254 1506 XXXIX.

490 1545 518 1593 C.
535 1543 713 1592 Auamma
727 1544 757 1591 L.
776 1543 805 1591 F.
825 1545 850 1592 0.
869 1544 904 1593 Ν.
920 1543 1019 1593 com.

349 1656 521 1722 Videamus
541 1656 581 1722 dc
600 1655 662 1722 hoc
682 1656 783 1722 Iustro
807 1655 916 1721 Fastos
938 1655 1039 1721 secuti
1058 1667 1090 1721 et
1101 1655 1276 1721 Eusebium
1293 1654 1371 1721 scri·

304 1771 435 1837 beatem
457 1769 519 1835 hac
538 1793 605 1836 csse
627 1768 794 1835 conditum
816 1767 868 1835 01.
891 1768 1065 1836 CXXXIV.
1085 1793 1114 1835 a.
1135 1774 1173 1848 3,
1197 1769 1275 1836 dum
1295 1768 1373 1834 Hic-

303 1907 455 1973 ronymus
483 1906 604 1949 annum
630 1883 754 1974 scripsit
773 1883 932 1972 prImum,
956 1904 1052 1971 quern
1074 1903 1214 1947 errorem
1236 1881 1373 1948 librariis

304 1997 423 2065 tribuo.
483 1996 616 2064 Gensa⁵
647 2007 721 2060 sunt
750 1996 911 2072 250,000‚
940 1993 1031 2084 alqui
1059 1994 1150 2060 mille
1176 1993 1373 2085 plusquam

301 2108 446 2200 proximo
465 2107 583 2185 lustro,
607 2115 808 2171 accesserunt
827 2104 909 2170 duaa
926 2105 1028 2171 tribus
1050 2105 1182 2172 ultimae
1203 2106 1317 2172 Velina
1338 2119 1371 2172 et

300 2220 445 2305 Quirina.

348 2335 526 2400 Buteonem
562 2344 706 2398 nostrum
740 2330 871 2405 Aurelio
908 2330 1065 2420 collegam
1099 2331 1281 2399 tribuerunt
1311 2333 1371 2398 uiri

301 2448 390 2514 docti
422 2460 488 2513 tum
517 2458 648 2537 propter
677 2445 786 2510 Iocum
819 2442 923 2510 Orosii
944 2458 974 2522 ⁸,
1009 2445 1065 2510 ubi
1095 2443 1216 2511 Iactum
1246 2444 1369 2534 aliquid

301 2572 448 2626 narratur
465 2559 556 2624 Fabii
575 2556 728 2623 Buteonis
751 2557 900 2634 censorii,
925 2555 1011 2645 quod
1031 2566 1106 2620 aule
1130 2555 1251 2621 bellum
1271 2556 1371 2624 Puni·

300 2695 376 2738 cum
398 2672 431 2738 II
454 2671 605 2737 accidisse
625 2669 766 2748 videtum
791 2681 858 2737 tum
879 2680 1009 2760 propter
1027 2668 1225 2734 Ιιίιίειιιιιιιι7
1247 2668 1372 2751 Iocum,

298 2808 367 2875 quo
387 2784 430 2850 M.
451 2784 584 2849 Fabium
606 2782 792 2848 dictatorcm
814 2782 936 2848 dicium
958 2804 1024 2847 esse
1046 2782 1212 2861 docemur,
1236 2783 1292 2873 qui
1317 2806 1372 2849 sa·

302 2896 494 2963 iustissimus
522 2897 682 2962 censorius
702 2896 779 2975 fuit;
810 2918 911 2986 quum
930 2895 1047 2961 deinde
1065 2895 1254 2962 dictatorern
1274 2896 1371 2963 fuisse

298 3011 479 3076 Buteonem
501 3021 644 3075 nostrum
666 3009 817 3075 evincunt
836 3009 942 3088 Fasti,
968 3008 1047 3075 inda
1069 3009 1213 3099 sequitur
1235 3032 1368 3079 censura

298 3121 464 3198 ciusdem,
486 3144 546 3189 nec
566 3122 629 3188 aIio
649 3123 751 3188 lustro
769 3122 859 3188 Iocus
881 3122 910 3187 ci
931 3121 1138 3211 assignandus
1158 3134 1215 3188 cst.

619 3328 638 3412 §
662 3332 694 3393 3.
739 3325 899 3391 Dictator
922 3330 988 3392 538
1013 3336 1038 3393 ⁸.

362 3503 400 3551 M.
419 3501 546 3549 FABIUS
560 3501 597 3549 M.
618 3500 647 3548 F.
665 3500 702 3548 M.
721 3499 757 3549 Ν.
774 3500 894 3548 BUTEO
916 3499 1008 3551 DIOT.
1028 3501 1115 3550 SINE
1132 3502 1218 3551 MAG.
1239 3503 1295 3560 EQ.

918 3587 1045 3635 SENAT.
1064 3588 1144 3635 LEG.
1163 3588 1298 3639 amad.

346 3707 487 3773 Functus
515 3717 561 3771 est
590 3706 692 3771 Buteo
722 3715 830 3769 noster
849 3703 910 3771 hoc
935 3705 1184 3773 extraordinario
1203 3709 1369 3798 magistra-

299 3835 350 3902 tu,
368 3826 411 3887 29
433 3844 530 3887 annos
546 3831 618 3909 post
634 3817 836 3884 consulatum
852 3819 886 3884 id
902 3831 949 3884 cst
965 3822 1238 3911 septuagenarius,
1258 3843 1370 3887 uerum

295 3935 447 4001 convenit
466 3945 616 4025 provecta
636 3932 692 3997 iIIa
710 3943 795 3997 aetas
812 3933 952 3998 muneris
971 3935 1132 4023 grauitati,
1147 3957 1221 4001 narn
1241 3945 1368 4000 sanatus

297 4048 453 4140 legendus
469 4058 551 4127 erat,
574 4045 659 4137 quod
680 4068 847 4113 censorum
867 4069 983 4112 munus
998 4047 1064 4114 imo
1081 4071 1169 4114 nunc
1187 4047 1367 4114 censorium

325 4358 346 4428 ¹)
363 4361 387 4413 1.
405 4362 516 4408 49-52.
562 4353 584 4420 ²}
600 4355 704 4408 XXIV.
726 4362 748 4407 1.
792 4353 812 4424 ⁵)
830 4357 879 4408 IV.
896 4362 936 4408 10.
976 4354 997 4423 ⁴)
1014 4356 1238 4425 Fast.Cap.h.a.
1274 4355 1295 4424 ⁵)
1311 4358 1372 4410 Lis.

290 4447 356 4512 Epis.
366 4443 443 4494 XIX.
497 4439 516 4504 ⁶)
535 4441 583 4493 IV.
596 4448 640 4502 13;
650 4442 681 4492 cf.
692 4440 753 4507 Cap.
762 4455 790 4493 lv
801 4443 815 4504 5
825 4447 839 4490 2
850 4441 924 4491 huius
933 4442 1018 4502 Libri,
1028 4458 1052 4506 p.
1063 4448 1122 4499 225.
1171 4440 1191 4510 ⁷)
1211 4442 1316 4494 XXIII.
1327 4448 1371 4493 22.

289 4529 310 4597 ⁸)
328 4530 397 4581 uass.
415 4528 477 4593 Cap.
494 4529 521 4579 h.
539 4545 577 4589 a.;
593 4528 652 4578 Liv.
671 4527 776 4578 XXIII.
797 4532 844 4587 22,
863 4532 911 4585 23;
927 4527 996 4578 Plut.
1014 4525 1076 4577 Fan.
1095 4532 1120 4575 9.
