3154 5294
249 491 278 536 a.
300 491 402 536 saurus
422 492 448 534 u.
470 492 497 536 a.
518 491 548 536 u.
570 491 598 536 u.
620 491 722 537 steron
743 473 818 557 (27).
838 475 859 557 ς
879 476 909 539 2.
929 493 1038 539 cousus
1060 476 1129 539 488.
1172 477 1231 540 149

163 669 246 735 euim
275 692 360 737 anno
392 675 456 739 486
484 672 525 740 de
553 670 756 749 Picentibus,
788 670 844 761 qui
873 671 1122 750 rebellaverant,
1149 684 1222 762 post

162 782 321 849 victoriam
350 784 465 851 iterum
493 796 560 853 erat
589 782 839 874 triumphatum,
871 782 950 849 hacc
977 784 1108 875 quidem
1134 785 1220 875 regio

159 892 191 957 in
206 892 427 961 Romanorum
444 896 530 961 renit
545 895 716 973 ditionem,
731 894 941 985 coloniaeque
961 895 1116 963 deductae
1132 910 1221 976 sunt,

159 1004 220 1072 boc
248 1030 324 1073 vero
352 1031 436 1075 anno
459 1021 469 1060 ¹
502 1009 558 1101 qui
583 1009 615 1074 in
635 1007 768 1076 Umbria
791 1008 951 1074 restabant
970 1009 1121 1076 Romanis
1140 1033 1222 1076 non·

160 1118 236 1186 dum
262 1121 410 1188 amiciet
432 1123 525 1201 socii,
555 1121 806 1199 succubuerunt,
837 1121 953 1189 Umbri
978 1145 1108 1214 nempe,
1139 1145 1221 1213 quo-

159 1254 228 1299 rum
243 1234 320 1300 urbs
336 1232 461 1301 Sarsina
476 1235 515 1302 ad
534 1234 632 1326 Arpin
648 1236 707 1301 sita
724 1234 853 1325 utrique
869 1236 991 1302 consuli
1004 1235 1223 1326 triumphandi

160 1345 265 1413 locum
292 1347 396 1414 dedite

154 1521 185 1568 D.
204 1522 329 1570 IUNJL'S
343 1523 375 1571 D.
395 1523 424 1570 F.
443 1524 476 1571 D.
496 1524 529 1571 Ν.
550 1523 648 1571 FERA
664 1524 734 1571 COS.
987 1522 1045 1570 AN.
1057 1520 1229 1570 CDXXOVII.

272 1607 325 1654 DE
342 1606 593 1655 SASSINATIBUS
990 1609 1016 1656 V.
1032 1607 1064 1655 K.
1084 1605 1228 1654 OCTOBB.

154 1690 186 1738 Ν.
205 1690 333 1739 FABIUS
349 1691 377 1739 0.
396 1690 425 1740 F.
442 1693 480 1740 M.
498 1692 533 1740 N.
553 1691 682 1739 Pteron
701 1691 771 1739 003.
988 1692 1046 1739 AN.
1056 1691 1229 1739 nuruum

272 1776 325 1823 DE
343 1773 600 1824 SASSINATIBFS
989 1775 1035 1823 ΙΙΙ
1050 1776 1135 1823 ΝοΝ.
1155 1774 1228 1822 0οΤ.

202 1907 297 1973 Hisce
317 1908 451 1999 peractis
470 1907 586 1974 iterum
607 1906 710 1974 Roma
729 1906 844 1998 egressi
863 1922 936 1975 sunt
953 1907 1098 1974 eonsules
1118 1908 1151 1973 in
1172 1906 1224 1971 ul-

159 2020 267 2086 timam
289 2019 415 2086 ltaliam
434 2021 608 2111 aggressuri
629 2018 824 2085 Sallentinos
844 2032 875 2085 et
893 2020 1080 2110 Messapios;
1100 2018 1140 2084 de
1160 2020 1224 2085 illis

158 2132 220 2198 iam
252 2131 525 2223 triumphaverant
551 2133 698 2200 consules
717 2132 886 2223 superioris
909 2133 999 2211 anni,
1019 2144 1051 2197 et
1075 2132 1225 2198 Brundu-

159 2245 238 2311 sium
266 2259 415 2337 ceperant
436 2246 531 2313 ltuius
552 2246 688 2337 regionis
710 2258 821 2336 caput,
846 2245 900 2310 sed
922 2244 1065 2311 nondum
1088 2256 1225 2310 reserat

159 2371 302 2449 peracta,
337 2360 416 2426 belli
453 2360 575 2452 aliquid
610 2359 802 2450 superfuisse
835 2371 979 2449 apparet,
1012 2381 1086 2422 nam
1114 2357 1224 2422 Iunius

160 2495 287 2563 quoque
310 2496 347 2539 ac
371 2474 487 2542 Fabius
505 2473 545 2541 de
564 2474 601 2540 iis
621 2473 849 2564 Messapiisque
868 2483 1002 2562 egerunt
1025 2469 1224 2559 triumphum

158 2598 227 2676 post
251 2608 371 2677 paucos
396 2609 530 2654 menses.

153 2761 185 2808 N.
204 2760 336 2808 FABIUS
354 2760 380 2807 0.
400 2757 428 2806 F.
446 2760 483 2805 M.
503 2758 537 2806 N.
559 2756 688 2805 Pteron
707 2756 739 2803 II
754 2756 824 2804 008.
985 2755 1043 2804 AN.
1056 2755 1229 2804 ODXXCVII.

202 2845 254 2892 DE
272 2841 541 2891 SALLENTINEIS
555 2832 852 2897 MESSAPIEISQUE
1020 2840 1053 2887 K.
1073 2840 1176 2887 Fuuu.

154 2930 185 2978 D.
204 2927 328 2977 IllNIl'S
343 2928 375 2976 D.
394 2926 423 2976 F.
442 2928 475 2974 D.
494 2926 530 2977 N.
549 2924 647 2973 FERA
662 2925 695 2972 ΙΙ
709 2923 780 2973 008.
988 2924 1229 2973 ANCDXXCVII.

200 3013 254 3060 DE
272 3009 539 3059 SALLENTINEIS
555 3007 831 3065 MESSAPIEISQUE
1011 3008 1097 3056 NON.
1107 3009 1212 3056 FEBR.

202 3144 255 3211 Sic
275 3146 339 3209 iam
360 3156 425 3211 tota
448 3143 540 3209 ltalia
561 3144 706 3210 Romano
724 3142 857 3232 imperio
874 3140 960 3230 dicto
976 3140 1142 3219 audiebat3
1168 3145 1223 3232 qui

159 3255 250 3323 unici
272 3258 363 3324 liberi
394 3257 555 3324 restabant
584 3257 735 3336 Volsinii,
767 3257 807 3320 ab
834 3255 898 3320 alio
929 3254 1069 3320 eiusdem
1097 3268 1223 3322 nostrae

157 3371 257 3459 gentis
282 3369 404 3436 subacti
429 3382 503 3436 suut
528 3370 793 3460 sequentianno.

455 3555 473 3637 §
500 3555 530 3617 3.
581 3550 687 3639 [Laus
712 3551 915 3639 litterario]

200 3708 354 3801 Sequitur
372 3720 408 3775 ut
425 3709 466 3775 de
484 3708 630 3776 Numenii
645 3707 757 3774 studiis
774 3707 934 3775 litterariis
950 3706 1129 3796 disputem,
1149 3708 1221 3797 qui·

157 3822 212 3888 bus
232 3847 306 3889 eum
327 3822 513 3888 inclaruisse
538 3833 695 3887 testantur
716 3821 773 3887 riri
792 3821 888 3888 docti.
937 3819 1048 3887 Cicero
1068 3843 1184 3912 nempe
1196 3834 1220 3900 ²,

157 3935 209 4000 ubi
235 3936 275 4002 de
302 3936 428 4002 somniis
451 3936 530 4024 agit,
555 3935 644 4000 affert
669 3934 766 4000 Ennii
785 3957 892 4000 sersus
912 3933 1082 4024 quosdam,
1102 3935 1220 4023 quibus

155 4046 267 4114 Priami
307 4048 429 4114 somnia
465 4048 645 4139 descripsit,
685 4059 753 4114 tum
788 4048 832 4112 sic
861 4048 977 4139 pergit:
1016 4048 1107 4113 »siut
1138 4046 1219 4113 haec

155 4163 274 4228 somnia
304 4161 484 4227 fabularum
512 4159 626 4251 hisque
653 4160 845 4251 adiungatur
871 4162 965 4227 etiam
987 4158 1112 4226 leucae
1133 4185 1219 4227 som-

155 4273 258 4353 nium,
293 4274 378 4363 quod
410 4275 441 4339 iu
471 4297 642 4338 numerum
668 4273 759 4338 Fabii
782 4274 916 4359 Pictoris
937 4273 1064 4340 Graecis
1085 4273 1220 4339 Annali·

183 4529 201 4599 Ι)
218 4534 274 4585 Lir.
292 4534 359 4599 lupis.
378 4532 441 4585 XV.
508 4528 529 4598 ²)
547 4533 584 4581 De
602 4529 675 4583 alisia.
693 4533 714 4583 L
734 4535 764 4581 21
784 4531 855 4595 §lb
