3194 5302
610 467 863 513 Paterculo.
1243 477 1283 523 Vll

215 657 334 736 lepeuda
362 661 404 728 et,
430 655 479 717 ubi
506 672 576 734 opus
602 660 689 726 esset,
710 652 812 714 arelius
832 653 1012 732 refellenda:
1033 658 1135 737 quibus
1155 661 1284 725 erunibus

209 775 243 829 ut
260 768 384 848 surana
402 786 436 829 ea
451 767 598 829 doctrinae
615 765 793 843 praestantia
811 765 981 844 requiritur,
996 787 1081 849 quarn
1098 775 1285 835 menendum

208 888 371 943 assecutum
391 898 450 941 esse
470 897 527 940 naa
546 875 687 955 diffiteor,
709 884 736 939 et
751 876 927 955 saepiuscule
943 878 1036 942 iustus
1051 890 1142 945 mdes
1155 885 1285 948 animum

206 1012 302 1055 meam
322 992 424 1064 subiit,
444 999 477 1052 ut
495 1009 553 1070 par
571 1008 658 1052 essem
674 988 729 1051 tali
746 988 827 1049 meri
845 990 1010 1052 sustinendo
1025 1000 1053 1052 et
1069 997 1227 1073 quaestioni
1242 998 1285 1059 ita

205 1103 445 1182 pertractandae,
462 1108 495 1162 ut
508 1100 620 1180 publici
635 1100 709 1162 iuris
727 1102 852 1180 facerem
866 1099 1112 1179 vapulationis:
1127 1114 1283 1171 nectamur

206 1213 359 1280 consilium
385 1212 509 1285 mutari,
537 1213 586 1274 ned
611 1212 740 1275 omnibus
765 1211 874 1273 uiribus
894 1230 980 1293 quam
999 1216 1124 1278 maairuc
1141 1221 1283 1297 potuerim

205 1326 326 1388 intentis
340 1325 549 1405 aliquantisper
566 1325 605 1386 ad
621 1323 795 1403 propositum
811 1325 898 1404 finem
912 1327 1074 1403 peruenisse
1088 1329 1162 1392 mibi
1176 1331 1281 1396 uidem.

251 1437 308 1500 Sed
329 1437 389 1499 iarn
409 1435 502 1499 euadit
523 1434 635 1513 turpior
650 1435 812 1515 praefatio,
834 1435 908 1515 quud
928 1436 960 1496 in
980 1445 1064 1500 tarrtc
1083 1459 1182 1503 rerum
1200 1445 1282 1524 capia

205 1548 335 1620 dedecet,
354 1546 404 1609 ubi
420 1553 452 1608 tu
464 1546 579 1625 primns
594 1545 668 1608 mibi
685 1564 750 1608 erm
764 1545 977 1624 compellandus
992 1548 1153 1613 clarissime
1169 1555 1282 1629 Cesar,

201 1660 354 1721 Promotus
378 1657 629 1730 aestumatissime,
656 1657 703 1719 cui
727 1657 827 1730 debeo,
849 1657 875 1718 si
895 1659 964 1737 quid
983 1659 1016 1721 in
1036 1663 1184 1741 republica
1208 1665 1282 1727 litte·

202 1788 308 1831 rarum
328 1787 453 1849 numam
470 1776 576 1848 patera
603 1767 700 1829 Meum
720 1786 779 1830 non
798 1774 839 1830 cst
857 1769 1027 1847 praedicare
1049 1772 1149 1835 laudes
1166 1783 1232 1838 tuas
1249 1778 1281 1839 in

201 1881 243 1942 iis
262 1879 439 1958 disciplinis,
460 1880 493 1941 in
512 1879 614 1960 quibus
634 1897 756 1957 repetas,
778 1880 828 1941 sed
848 1879 1010 1971 metlecdam
1028 1888 1108 1944 tuam
1124 1904 1279 1967 numquam

201 1963 262 2053 nen
283 1990 473 2069 praedicatum·
495 1990 581 2051 buius
602 1990 678 2051 mnu
699 1990 868 2052 excellentia
884 2009 958 2069 praa
976 1994 1079 2070 paucis
1101 1996 1227 2060 elucebat
1248 2000 1281 2061 iu

203 2103 371 2165 lectioribus
394 2102 452 2164 tuis
472 2103 507 2163 de
529 2101 806 2180 imminentique,
828 2120 899 2181 quas
920 2120 1031 2166 summa
1050 2107 1142 2168 aniani
1161 2109 1282 2172 delecta·

206 2215 285 2276 tiene
302 2232 412 2293 semper
429 2214 546 2283 audici;
565 2231 633 2275 uam
650 2220 787 2275 accurata
808 2218 859 2274 tua
878 2232 976 2277 rerum
996 2216 1098 2278 notitia
1119 2227 1145 2279 et
1166 2221 1282 2283 ardenti

204 2334 255 2386 tua
286 2325 447 2386 litterarum
482 2325 576 2385 stadia
610 2332 678 2386 tunc
712 2342 764 2385 uos
796 2324 917 2385 docuisti
943 2327 1022 2387 ante
1053 2336 1081 2388 et
1112 2349 1166 2409 qua
1198 2334 1281 2395 marie

201 2436 326 2498 leiatcria
353 2437 487 2496 Romana
515 2442 587 2496 nata
611 2435 665 2506 sit,
692 2435 762 2514 quid
788 2440 815 2494 et
841 2434 943 2513 quibus
970 2437 1084 2499 credere
1108 2440 1278 2514 debeamus:

200 2556 271 2610 tunc
292 2546 397 2608 acuisti
418 2554 547 2607 nestrum
567 2565 675 2626 quaqua
695 2544 850 2617 iudicium,
872 2563 958 2624 quam
976 2547 1103 2608 diuinam
1121 2551 1213 2612 aniani
1229 2555 1278 2614 dc-

200 2666 258 2720 tem
284 2659 317 2720 in
347 2657 475 2719 mnnibeas
502 2657 587 2719 rebus
611 2648 803 2719 adhibendam
824 2675 884 2717 esse
904 2656 968 2719 iure
988 2661 1143 2724 coalendis.
1182 2664 1279 2743 lqitur

200 2779 230 2832 te
250 2772 321 2831 duce
341 2770 469 2850 effloruit
490 2787 571 2829 amor
591 2788 670 2829 mera
691 2767 828 2831 bistariae
848 2768 1017 2832 eacolmrdae
1040 2771 1156 2834 uixdum
1175 2786 1277 2853 uatus,

198 2890 228 2944 et
255 2880 308 2942 tibi
335 2882 429 2960 resera
456 2881 530 2960 qstad
559 2880 591 2940 in
611 2879 688 2941 illud
707 2886 850 2940 certamen
871 2898 927 2940 uon
948 2883 1064 2959 frastra
1083 2885 1278 2953 descenderim

198 2994 251 3055 secl
278 2998 395 3071 praeter
423 3009 559 3068 nmquam
586 2989 740 3051 utilitatem
768 2989 882 3067 iasiqne
908 3010 1015 3071 quaque
1041 2999 1214 3061 commodum
1241 3022 1278 3063 ea

198 3106 252 3165 bac
284 3104 379 3166 labare
405 3102 612 3182 perceperim(
630 3101 693 3162 lam
723 3101 820 3179 accipe
848 3103 976 3180 qratias,
1008 3124 1079 3184 quos
1107 3110 1159 3170 tibi
1179 3114 1277 3191 facere

197 3236 285 3298 quam
315 3235 400 3293 apere
427 3215 521 3287 malo,
549 3221 610 3274 tum
636 3232 690 3292 pro
715 3213 842 3277 consiliis
867 3214 941 3286 tuis,
969 3217 1071 3295 quibus
1094 3221 1167 3283 rnibi
1194 3243 1276 3286 reum·

197 3346 285 3409 quam
311 3325 431 3407 defuisti
460 3334 486 3386 et
509 3344 565 3403 pro
591 3324 736 3396 amicitia,
763 3342 819 3403 qua
842 3343 887 3385 me
907 3344 1016 3404 semper
1036 3332 1187 3409 excepisti,
1214 3343 1274 3398 tum

194 3442 270 3520 qaod
293 3438 461 3518 prosumnus
487 3455 592 3497 rnurrcs
613 3435 805 3499 lubentissime
824 3438 995 3515 susceperis,
1016 3442 1090 3519 quad
1111 3444 1137 3503 si
1157 3445 1272 3524 oulqcri

195 3551 315 3631 qrauius
335 3550 442 3630 fuerit,
462 3549 592 3626 iquoseas
609 3548 693 3610 uelim
709 3547 863 3627 Fabiisque
883 3549 959 3611 illud
980 3551 1099 3614 tribuas.

238 3661 328 3724 Dnlce
353 3659 477 3738 officium
497 3659 571 3720 mibi
593 3659 746 3731 incumbit,
768 3659 928 3724 clarissime
950 3663 1047 3736 Base,
1072 3673 1156 3742 prato
1176 3670 1272 3732 anima

191 3773 365 3853 praedicare
391 3771 534 3849 eqreqiam
561 3777 640 3832 tuam
660 3771 883 3842 institutionum
909 3788 1015 3852 mcqre'a
1035 3777 1110 3837 enim
1129 3778 1271 3859 uoluptate

194 3885 255 3946 tuis
276 3883 439 3944 lectionibus
460 3882 596 3961 interfui,
618 3900 703 3961 quum
723 3900 774 3943 nas
794 3883 912 3945 docebas
928 3885 997 3964 quid
1016 3886 1181 3952 Tullianum
1198 3903 1270 3954 esset

195 3997 265 4077 quid
291 4015 364 4068 uon,
393 3996 466 4074 quad
494 3993 698 4073 difficillimum
723 3995 865 4072 nepoticm
891 3996 1037 4058 doctrinae
1056 4006 1123 4060 tuae
1141 4003 1223 4081 copia
1242 4014 1269 4066 ct

194 4108 304 4186 iuqonii
318 4107 362 4168 tui
377 4107 507 4167 acumine
525 4113 582 4167 tarn
600 4113 732 4167 accurate
749 4107 885 4186 conficere
900 4107 979 4166 sales.
1021 4106 1128 4188 Perqc,
1150 4133 1266 4192 quaese,

192 4238 248 4300 qna
271 4219 368 4280 animo
395 4206 464 4277 oiim
488 4218 610 4279 crrrabas
634 4218 743 4296 primas
768 4237 842 4278 meos
870 4218 902 4278 in
932 4219 1035 4281 litteris
1058 4225 1217 4302 profectus,
1239 4235 1266 4288 et

192 4350 247 4411 quc
265 4328 452 4392 maturiorem
471 4328 643 4407 discipulum
659 4328 842 4404 instituebas,
860 4332 955 4393 eadem
970 4331 1044 4395 mibi
1061 4335 1159 4413 facere
1172 4338 1265 4400 stadio

193 4442 361 4506 Academico
380 4439 495 4504 tandem
515 4440 641 4505 decrrrsc.
