3190 5304
316 369 376 430 454
766 384 935 427 russas.

790 560 922 629 xxvii.

369 715 443 782 Non
472 737 551 806 opus
581 726 644 793 est,
678 726 714 780 ut
742 713 1078 793 tantumtantum,
1110 714 1150 780 de
1179 738 1245 806 quo
1272 715 1394 782 Plinius

324 830 371 896 ΙΙ.
390 828 434 896 Ν.
456 828 525 895 Vll.
542 830 601 906 80,
625 826 712 892 illins
732 827 898 918 aequalem
919 827 1015 894 luisse
1034 850 1201 918 ponamus.

784 983 933 1051 xxviii.

371 1130 500 1208 Fabius,
520 1130 576 1220 qui
595 1141 723 1220 praetor
741 1127 817 1194 dum
840 1141 922 1208 erat,
943 1151 980 1194 er
999 1129 1090 1195 lactis
1109 1128 1225 1196 haustu
1244 1153 1308 1196 uno
1327 1131 1394 1222 pilo

327 1244 540 1334 strangulatus
565 1265 632 1308 esse
657 1242 794 1307 fertura
816 1241 921 1307 Plinio
940 1241 989 1308 Η.
1005 1242 1049 1309 Ν.
1071 1241 1141 1308 Vll.
1161 1246 1192 1322 7,
1215 1266 1280 1309 non
1301 1243 1393 1309 Plinii

327 1357 470 1449 aequalis
499 1355 597 1422 fuerit
624 1375 751 1421 necesse
771 1367 832 1435 est;
855 1355 992 1444 intelligi
1010 1367 1114 1444 potest
1133 1354 1172 1422 N.
1192 1355 1309 1423 l'abina
1329 1357 1396 1423 nu-

326 1484 381 1538 teo
413 1470 503 1558 (45),
527 1470 583 1560 qui
610 1479 739 1559 praetor
759 1468 932 1559 Hispaniae
961 1467 1041 1533 obiit
1068 1467 1226 1535 Massiliae
1250 1472 1330 1548 581,
1353 1469 1395 1536 cl.

328 1607 424 1675 supra
446 1607 478 1674 p.
503 1586 579 1649 233.
642 1616 647 1623 ·

810 1736 926 1804 xxix.

238 1936 241 1940 '
373 1923 473 1989 Recta
508 1921 650 1987 Diintaer
677 1919 908 1986 demonstrarit
942 1919 975 1984 in
1010 1919 1132 1986 Rhea‘n.
1166 1919 1259 1987 Mus.
1291 1921 1398 2002 1848,

232 2124 235 2127 ¹
325 2063 357 2130 p.
381 2039 560 2103 aaa-294
584 2034 788 2113 llosennurn,
822 2055 918 2123 quern
938 2031 1071 2098 laudant
1093 2032 1245 2100 Horatius
1265 2033 1334 2126 Bp.
1356 2032 1398 2102 ll.

330 2155 359 2218 l.
381 2155 459 2228 173,
484 2148 606 2214 Plinius
625 2145 726 2213 lin.
751 2144 834 2213 xlv.
860 2152 900 2212 13
919 2160 951 2213 et
970 2145 1092 2211 Seneca
1105 2145 1173 2236 Ep.
1186 2150 1245 2226 89,
1259 2157 1397 2239 poetam

328 2262 425 2328 luisse
452 2284 515 2326 noo
547 2284 621 2326 vero
649 2281 816 2349 personam
844 2281 882 2324 er
909 2258 1080 2336 Atellanis,
1105 2271 1140 2324 ut
1163 2257 1197 2325 G.
1221 2256 1259 2326 0.
1281 2260 1400 2329 Mtillcr

327 2388 492 2466 posuerat3
512 2385 622 2439 contra
642 2372 785 2438 nondum
806 2382 952 2439 constare
973 2370 1151 2450 contendo,
1173 2371 1312 2440 fueritne
1333 2373 1399 2441 Do-

328 2509 447 2555 sennus
461 2487 516 2553 illa
530 2486 672 2564 Fartus,
692 2485 779 2577 quod
794 2497 928 2576 propter
943 2484 1095 2551 Dorsonis
1114 2506 1293 2575 cognomen
1311 2500 1397 2554 ertra

328 2601 464 2685 dubium
488 2600 595 2693 posuit
615 2599 679 2665 ille.

817 2753 917 2820 XXX.

378 2938 498 3005 Fabius
526 2949 558 3005 et
585 2937 702 3015 Fabia,
737 2958 853 3001 nornen
882 2935 1031 3000 fictitium
1052 2934 1139 3026 apud
1158 2937 1418 3006 Iurisconsultosv

332 3051 421 3144 quod
450 3049 581 3128 dicitur,
616 3048 700 3139 apud
729 3046 917 3114 Ciceronem
947 3048 989 3114 de
1008 3050 1093 3135 soto
1124 3052 1143 3113 6
1176 3052 1273 3134 §ll‚
1309 3057 1347 3118 12
1368 3066 1401 3119 et

333 3175 397 3257 top.
418 3167 439 3228 3
458 3170 476 3253 §
497 3168 537 3228 11
567 3164 611 3228 sic
642 3163 794 3240 occurrit,
818 3160 872 3228 sed
902 3159 1040 3227 Orellius
1069 3173 1101 3227 et
1130 3161 1217 3228 Bahr
1244 3164 1401 3232 falluntur

334 3280 465 3344 tertium
483 3274 577 3342 huius
597 3276 641 3341 rei
660 3275 842 3366 exemplum
862 3275 1027 3341 afferentes
1044 3298 1081 3341 er
1102 3274 1256 3343 Cicerone
1274 3280 1317 3344 de
1335 3282 1401 3347 div·

333 3391 374 3457 ll.
399 3395 438 3455 17
461 3393 479 3475 §
500 3394 559 3468 343
594 3412 658 3479 quo
687 3388 758 3453 loco
792 3391 984 3455 Verrucosus
1018 3389 1087 3475 (33)
1118 3388 1309 3481 intelligitur
1336 3394 1403 3459 imo

335 3504 536 3594 designatur,
560 3504 616 3593 qui
635 3500 770 3591 stupidis
790 3500 915 3566 serioris
935 3502 1088 3592 temporis
1109 3505 1281 3593 auguribus
1301 3529 1402 3598 oppo-

334 3619 423 3683 nitur
440 3616 650 3707 peritissimus
669 3637 783 3704 augur,
802 3634 867 3704 quo
887 3613 981 3679 titulo
999 3613 1079 3681 (lato
1097 3638 1227 3707 quoque
1237 3618 1322 3709 apud
1334 3618 1401 3688 Cic.

339 3729 424 3798 Calo
444 3735 463 3796 4
486 3731 503 3814 §
527 3734 565 3792 12
586 3750 658 3793 eum
683 3727 801 3793 laudat.

813 4012 929 4080 XXXI.

379 4180 515 4246 Fallitur
539 4176 745 4259 Heineccius,
766 4177 861 4267 Synt.
881 4183 996 4268 Antip.
1016 4178 1112 4247 Rom.
1134 4176 1192 4248 lib.
1212 4180 1267 4249 lV.
1288 4182 1336 4249 tit.
1360 4186 1401 4252 18

334 4299 353 4381 §
373 4297 432 4369 78,
455 4318 487 4384 ρ.
508 4295 573 4360 802
595 4290 645 4357 ed.
666 4289 867 4373 Mahtenbr„
891 4292 1046 4359 scribens:
1074 4293 1165 4360 »Per
1184 4293 1297 4361 eadem
1316 4308 1402 4362 teru-

332 4431 438 4498 »pora
461 4404 557 4495 (inter
572 4408 637 4472 634
656 4416 688 4471 et
703 4407 784 4495 686)
805 4406 854 4473 lex
872 4406 970 4476 Fabia
984 4409 1203 4500 promulgato
1214 4409 1255 4477 de
1266 4432 1402 4479 numero
