3212 5294
343 448 370 496 o.
386 446 488 490 sanius
502 445 528 489 n.
543 446 571 491 a.
586 447 617 490 rr.
632 447 660 491 o.
675 428 856 512 nurao(39).
873 428 895 512 5
908 431 934 492 l.
950 447 1081 493 ructans
1095 431 1164 495 556.
1227 430 1288 492 229

218 622 282 687 tius
305 618 520 702 Flamininus}
541 622 655 689 doctus
676 623 731 689 ille
751 636 783 690 et
801 625 929 715 elegans
948 625 1111 693 Romanus
1132 648 1282 717 perspec-

214 747 283 800 tum
302 733 443 801 habebat
462 736 600 804 Graecos
621 737 775 802 suavitate
795 760 922 803 morum
941 739 1164 829 potiusquam
1185 740 1280 804 armis

210 847 272 913 ‘sibi
293 850 457 915 conciliari
482 872 591 940 posse,
623 850 732 941 itaque
764 850 897 917 Achaeis
925 853 1031 917 statim
1063 874 1155 942 opem
1182 852 1281 942 polli-

211 962 294 1026 citus
311 973 374 1041 est,
398 963 439 1029 de
458 987 522 1054 qua
542 964 691 1029 societate
714 987 846 1055 magnae
864 976 950 1030 ortae
968 976 1042 1031 sant
1058 966 1279 1030 contentiones

212 1074 244 1137 in
273 1072 408 1139 foederis
435 1076 592 1154 concilio,
623 1075 709 1166 quod
735 1075 969 1167 indignabundi
988 1077 1189 1167 reliquerunt
1207 1076 1278 1142 Me·

210 1184 428 1277 galopolitani.
469 1186 541 1252 Non
558 1200 665 1253 tamen
682 1189 814 1255 societas
834 1201 902 1255 rata
920 1190 990 1257 fieri
1010 1202 1136 1280 poterat
1155 1190 1277 1280 absque

210 1310 337 1364 senatus
364 1299 541 1389 populique
573 1302 777 1380 auctoritate,
809 1301 931 1393 placuit
966 1303 1062 1394 igitur
1095 1303 1277 1369 Flaminino

204 1409 290 1475 illud
311 1412 471 1500 negotium
493 1412 593 1476 tribus
608 1413 809 1479 committere
825 1412 951 1502 legatis,
969 1415 1025 1503 qui
1040 1414 1134 1480 simul
1149 1427 1277 1504 agerent

207 1523 248 1589 de
274 1546 352 1614 pace
381 1546 455 1590 cum
487 1523 652 1614 Philippo,
681 1525 733 1589 cui
760 1527 871 1591 consul
899 1549 1041 1616 asperam
1068 1539 1276 1618 proposuerat

203 1657 337 1728 pacem3
370 1635 515 1725 sperabat
545 1648 651 1702 tamen
683 1636 751 1702 fore
783 1649 818 1701 ut
847 1637 914 1727 ipse
943 1638 1068 1703 bellum
1095 1638 1276 1705 aderitum

205 1748 413 1840 perduceret,
437 1771 478 1814 ne
496 1748 593 1838 igitur
613 1770 698 1814 anno
719 1749 913 1816 circumacto
934 1772 1094 1817 successor
1116 1751 1175 1816 sibi
1197 1753 1274 1817 mit·

207 1874 345 1940 teretur,
377 1860 517 1926 indutias
547 1861 618 1927 iniit
645 1883 718 1927 oum
744 1860 909 1953 Philippo,
944 1885 1083 1952 quocum
1110 1864 1143 1927 in
1169 1865 1274 1930 collo·

205 1975 318 2065 quium
329 1974 492 2040 descendit
504 1975 656 2064 temporis
668 1974 792 2040 terendi
803 1996 912 2054 causa,
930 1974 1007 2041 dum
1020 1974 1153 2040 aberant
1165 1977 1272 2066 legati.

204 2088 252 2153 lle
277 2087 326 2153 his
350 2087 501 2153 omnibus
524 2088 645 2177 legatos
665 2089 800 2153 Romam
824 2089 949 2153 miserat
969 2087 1030 2153 sibi
1050 2089 1273 2154 coniunctissi-

201 2223 272 2265 mos
298 2199 335 2284 Q.
356 2199 510 2276 Fabium,
540 2200 625 2265 iilius
646 2200 702 2289 qui
722 2212 788 2266 erat
807 2223 844 2266 ex
862 2223 968 2265 sorore
987 2200 1092 2265 uxoris
1114 2200 1271 2284 Quinctii,

201 2313 239 2397 Q.
270 2312 420 2378 Fulvium
450 2325 483 2378 et
504 2313 585 2403 App.
611 2310 799 2391 Claudium3
823 2313 875 2378 eui
900 2312 1053 2402 legationi
1080 2325 1115 2378 ut
1151 2314 1272 2403 species

200 2427 412 2506 adiiceretar,
437 2426 540 2492 adluit
563 2425 767 2514 Amynander
785 2450 839 2491 rex
862 2425 1088 2492 Athamanum.

249 2539 286 2624 Q.
297 2540 415 2606 Fabius
424 2540 481 2605 ille
492 2540 594 2605 Buteo
607 2552 713 2604 noster
724 2538 821 2605 luisse
834 2538 973 2618 ridetur,
988 2537 1074 2629 quod
1088 2537 1270 2604 Haalthium

200 2675 332 2743 quoque
352 2653 445 2719 rideo
466 2653 660 2742 suspicatum
681 2675 766 2731 esse,
790 2652 846 2741 qui
872 2652 965 2717 tertio
985 2674 1069 2716 anno
1088 2663 1160 2741 post
1178 2675 1272 2742 prae·

197 2776 271 2831 tura
299 2765 430 2832 functus
457 2779 519 2846 est,
549 2777 585 2830 ut
613 2766 695 2856 App.
720 2763 875 2830 Glaradius
900 2777 1028 2855 praetor
1058 2768 1141 2843 559,
1174 2765 1271 2830 fuerit

197 2880 268 2944 eius
296 2879 420 2970 collega
448 2892 480 2946 et
507 2879 660 2969 legationi
684 2891 716 2943 et
738 2890 912 2968 praeturae.
961 2879 1017 2944 Est
1038 2877 1168 2969 quidem
1188 2878 1268 2944 alius

196 2991 337 3075 Quintus
363 2993 446 3059 iuter
464 2993 597 3072 Fabios,
621 2993 678 3082 qui
701 2991 761 3057 snb
782 2991 965 3057 Flaminino
987 2992 1126 3057 militare
1145 2992 1266 3082 potuit,

196 3105 235 3189 Q.
250 3106 368 3171 Fabius
379 3105 487 3172 Labeo
504 3106 575 3193 (41)
593 3128 725 3196 nempe,
749 3105 801 3170 cui
819 3104 902 3170 hanc
921 3104 1113 3194 legationem
1134 3104 1266 3170 Richter

195 3219 325 3298 tribuit;
344 3231 376 3284 at
398 3218 450 3285 hic
471 3231 543 3285 octo
564 3242 663 3284 annos
674 3230 748 3285 ante
757 3231 940 3310 praeturam
950 3218 1071 3283 iniisset
1084 3216 1166 3282 hauc
1178 3218 1265 3307 lega·
1374 3250 1377 3255 ·

192 3331 337 3413 tionem,
359 3356 441 3423 quae
466 3332 621 3399 momenti
641 3355 706 3398 non
731 3343 798 3398 erat
817 3355 943 3422 expers,
963 3344 995 3396 et
1018 3334 1062 3396 20
1080 3353 1179 3395 annos
1198 3330 1265 3396 fere

193 3446 311 3535 agebat
331 3458 426 3524 tuuc,
448 3444 523 3510 hine
539 3446 728 3511 sententiam
739 3469 842 3510 meam
863 3443 1006 3510 nondum
1026 3444 1265 3522 muto,etiamsi

188 3558 290 3624 obiici
304 3570 410 3649 potest
421 3559 637 3625 Flamininum
651 3558 846 3624 adolescenti
863 3557 925 3623 lroc
939 3556 1132 3622 commisisse
1148 3579 1264 3621 munus

190 3672 357 3738 affinitatis
379 3694 481 3737 causa.
531 3672 620 3737 Alter
643 3671 783 3761 denique
797 3672 932 3760 ⁸collega
962 3670 998 3754 Q.
1019 3670 1150 3735 Fulvius
1176 3669 1265 3734 Gillo

187 3784 342 3873 redares
363 3785 471 3851 Sicilia
491 3808 576 3850 anno
600 3789 664 3851 555
685 3805 760 3850 cum
781 3762 931 3868 Quinctio
951 3796 1060 3848 contra
1078 3781 1263 3872 Philippum

190 3899 359 3987 proiectus
382 3910 450 3964 erat
475 3911 496 3965 ¹.

237 4000 492 4102 Mquidqnam
515 4013 634 4079 Romae
655 4012 719 4100 egit
736 4010 867 4100 legatio,
892 4010 973 4075 sicut
994 4009 1107 4074 consul
1129 4030 1262 4098 praeoe-

186 4136 299 4215 perat,
336 4145 409 4187 nam
446 4135 482 4187 ut
510 4123 681 4213 imperium
713 4122 760 4187 illi
788 4132 1027 4213 prorogaretur,
1060 4120 1260 4187 conditiones

185 4238 280 4329 pacis
304 4235 445 4301 nondum
467 4236 591 4325 placere
608 4235 783 4316 debebant3
803 4259 878 4326 ergo
896 4234 990 4301 amici
1002 4235 1259 4324 consulispaoem

220 4488 243 4557 1)
262 4489 318 4540 mv.
336 4489 441 4541 xxxi.
460 4493 490 4553 o,
509 4486 628 4539 xxxn.
650 4493 671 4537 1.
