3210 5300
583 442 604 524 ᾗ
626 443 654 504 3.
675 458 784 503 corsua
807 444 831 503 Ι.
854 442 922 505 462.
1226 454 1286 521 289

257 637 450 705 Samnitium
478 636 608 729 quidam
635 638 743 704 Pentri
771 662 886 732 nempe
915 663 1040 710 necnon
1071 644 1188 711 llalisci
1215 643 1278 712 bac

211 753 391 845 pestilentia
420 752 467 818 usi
496 752 657 818 Romanos
681 752 892 834 infestabunt3
918 754 1038 846 Gurges
1055 758 1088 823 in
1108 756 1275 825 Samnium

211 866 373 958 profectus
403 879 463 945 cst,
497 865 551 932 sed
568 866 658 932 'sicut
686 866 748 932 iarn
777 867 930 948 diximus,
963 870 1091 937 adrersa
1120 873 1276 962 pugnavit

211 979 354 1059 fortuna,
377 980 481 1044 amisit
499 979 693 1058 exercitum,
717 981 774 1045 tria
794 980 894 1046 millia
915 996 1110 1060 cessasent,
1134 997 1166 1050 et
1187 998 1273 1051 totus

210 1092 313 1158 rictus
342 1113 378 1157 ex
410 1090 520 1157 hostili
547 1103 628 1157 terra
654 1091 764 1168 rediit,
793 1092 860 1157 imo
886 1093 1020 1161 Romam
1045 1094 1181 1162 traditur
1206 1118 1274 1163 esse

210 1217 390 1283 revocatus,
418 1204 571 1295 additque
599 1203 714 1271 Suidas
737 1228 812 1271 eum
838 1230 855 1270 a
880 1208 1064 1296 magistratu
1080 1231 1148 1274 esse
1167 1232 1274 1276 remo·

212 1331 295 1397 tum,
319 1316 374 1383 sed
392 1317 454 1383 hoc
477 1341 587 1384 rerum
607 1319 737 1384 omnino
757 1341 821 1384 non
842 1332 905 1399 est,
929 1332 964 1385 ut
982 1322 1049 1413 ipsa
1065 1320 1196 1387 historia
1214 1322 1273 1387 do·

209 1443 270 1498 cet.
318 1432 399 1497 llum
420 1431 554 1498 Romam
575 1431 706 1521 fugisse,
731 1431 818 1524 quod
835 1432 964 1499 Orosius
980 1434 1062 1514 rult,
1080 1458 1143 1500 non
1161 1434 1273 1514 credo;

209 1558 316 1611 contra
337 1558 462 1611 senatus
487 1546 530 1610 ira
550 1545 697 1612 incensus
716 1546 749 1612 iu
771 1546 910 1613 consulis
929 1547 1121 1637 imperitiam
1146 1546 1272 1613 delibe-

208 1659 289 1726 rarit
307 1659 347 1725 de
366 1657 558 1753 removendo
579 1659 637 1725 illo
656 1661 697 1726 ab
717 1662 866 1727 exercitu.
904 1660 954 1727 Ne
975 1661 1038 1726 boc
1057 1661 1090 1726 in
1111 1683 1271 1728 summum

207 1773 348 1840 familiae
373 1771 510 1840 dedecus
537 1773 643 1853 ficret,
673 1773 870 1850 venerandus
899 1787 991 1867 pater
1015 1774 1272 1867 septuagenarius

207 1898 349 1953 senatum
379 1883 566 1977 deprecatus
598 1897 660 1966 est,
693 1910 725 1952 se
756 1888 840 1953 ultro
867 1888 935 1952 filio
960 1887 1101 1978 legatum
1124 1888 1271 1965 offerens,

208 2010 242 2064 ut
260 1997 430 2088 ignominia
454 1996 669 2087 depelleretur
687 1997 833 2088 bellique
854 1998 983 2064 fortuna
1004 2010 1190 2068 verteretur.

252 2111 387 2177 Zonaras
407 2133 474 2177 rem
495 2111 589 2176 aliter
607 2120 749 2190 enarrat,
773 2133 832 2178 nec
852 2123 959 2178 tamen
980 2100 1081 2192 recte,
1106 2113 1140 2178 ni
1159 2112 1271 2193 sallon

205 2223 302 2291 tradit
332 2223 456 2290 senatui
484 2223 655 2315 placuisse,
689 2245 789 2313 quum
818 2224 967 2290 consules
996 2247 1060 2290 non
1088 2247 1126 2290 er
1157 2225 1273 2290 virtute

204 2337 302 2404 creati
333 2349 452 2416 essent,
476 2336 576 2402 llabio
596 2348 719 2427 patrem
739 2337 930 2426 proconsule
950 2337 1153 2416 submittere3
1177 2335 1271 2404 buius

204 2451 357 2518 adrentus
394 2462 461 2515 tum
496 2448 601 2516 hostes
640 2462 708 2515 tuna
750 2448 871 2539 Gurges
907 2452 1024 2517 certior
1058 2450 1159 2515 lactus
1189 2462 1271 2533 erat,

203 2563 258 2630 bic
278 2564 384 2642 enim,
408 2587 450 2629 ne
469 2563 501 2628 in
521 2575 645 2654 patrem
665 2561 876 2652 expeditionis
893 2564 962 2629 laus
981 2562 1189 2641 redundaret,
1212 2585 1271 2627 an-

203 2690 333 2769 tequam
364 2677 486 2742 adesset
506 2676 626 2767 absque
647 2674 758 2741 ordine
783 2677 906 2767 impetu
929 2678 1026 2757 lacto,
1049 2678 1082 2741 in
1109 2677 1269 2742 confertos

202 2790 307 2857 bostes
318 2790 466 2881 delapsus
476 2790 568 2855 clade
579 2791 709 2856 affectus
721 2802 779 2869 est,
790 2789 893 2857 hostes
907 2814 978 2856 vero
989 2804 1166 2857 metuentes
1178 2790 1269 2856 Fabii

201 2905 298 2995 patris
316 2904 488 2970 adrentum
511 2915 622 2994 sponte
639 2915 835 2969 recesserunt
854 2904 986 2972 scilieet.
1021 2904 1153 2994 Propter
1173 2904 1268 2969 huius

200 3041 327 3109 pugnae
355 3019 471 3084 exitum
502 3039 603 3107 quum
632 3028 758 3083 senatus
788 3018 954 3083 consulem
974 3029 1152 3094 revocaret,
1176 3029 1268 3108 pater
1297 3095 1300 3101 .

199 3133 322 3210 effecit,
355 3143 391 3196 ut
420 3132 487 3221 ipse
515 3129 555 3194 ad
584 3152 657 3195 eum
689 3130 853 3219 profectus
883 3131 976 3196 illum
1003 3129 1178 3196 adiuvaret.
1223 3133 1265 3196 At

198 3246 272 3335 quis
302 3265 366 3309 non
393 3241 479 3307 ridet
496 3240 628 3305 alteram
651 3236 768 3305 famam
792 3241 887 3330 longe
908 3239 1157 3305 verisimiliorem
1178 3263 1264 3320 esse,

197 3358 370 3424 Rullianus
388 3356 473 3422 enim
492 3365 595 3418 aetate
614 3365 783 3443 provectus
805 3376 869 3418 non
892 3353 987 3443 legati
1009 3375 1139 3417 munere
1168 3351 1264 3418 func·

198 3483 250 3538 tus
281 3482 378 3548 esset,
403 3467 463 3532 nisi
482 3479 651 3557 postquam
674 3466 759 3531 lilius
781 3466 909 3532 adversa
927 3465 1057 3532 fortuna
1077 3480 1265 3556 pugnasset,

197 3596 229 3650 et
254 3606 294 3649 ne
315 3581 524 3671 ignominiose
544 3591 761 3658 revocaretur,
785 3579 851 3670 ipse
878 3601 970 3645 senex
994 3579 1157 3670 pollicitus
1180 3593 1261 3647 esset

195 3722 227 3764 se
252 3695 378 3764 cladem
402 3694 546 3760 ultorum
570 3716 647 3760 esse.

239 3810 270 3878 N
273 3835 314 3877 on
327 3811 441 3875 frustra
458 3808 626 3874 Rullianus
641 3817 822 3872 senatorum
846 3807 925 3871 iram
941 3807 1114 3896 mitigavit,
1139 3808 1259 3900 quippe

195 3926 250 4016 qui
278 3925 446 4016 impetrata
476 3921 567 3987 renia
595 3920 699 3985 statim
724 3919 764 3983 ad
792 3920 894 3985 lilium
918 3919 1082 4009 profectus
1101 3918 1168 4000 est,
1191 3944 1257 3987 nou

193 4039 260 4104 sine
279 4060 362 4102 nora
382 4036 524 4126 legione,
547 4033 671 4124 opinor.
718 4032 920 4121 Experientia
939 4033 1036 4123 patris
1051 4034 1138 4098 nisus
1155 4034 1258 4100 aciem

192 4152 322 4228 stroxit,
355 4172 427 4214 rnor
457 4147 615 4238 proelium
645 4146 821 4212 conseritur
850 4158 959 4211 contra
991 4145 1165 4227 Samnites,
1200 4149 1257 4239 qui

193 4264 255 4329 sub
281 4261 317 4330 O.
338 4261 453 4327 Pontio
474 4259 651 4326 adstabant.
698 4257 803 4326 Senex
823 4258 969 4348 exemplo
989 4281 1044 4323 suo
1066 4272 1173 4325 moret
1192 4260 1256 4324 mi·

193 4377 279 4456 lites,
303 4387 398 4466 auget
417 4397 527 4442 eorum
550 4374 687 4454 animos,
711 4373 917 4440 etiamsinon
939 4371 1143 4452 crediderim,
1167 4371 1256 4464 quod

190 4486 322 4555 Orosius
343 4488 449 4569 addit,
473 4511 545 4555 eum
565 4509 650 4578 equo
663 4499 788 4554 rectum
808 4509 842 4552 se
861 4486 891 4550 in
914 4484 1056 4551 medium
1075 4508 1187 4573 agmen
1204 4486 1255 4550 in·

422 4595 432 4607 ⁸
1081 4594 1120 4654 19
