3154 5294
327 436 367 498 88
496 454 575 497 rann
586 451 707 496 aueusu
720 435 768 517 (9,
781 433 835 508 10,
848 433 908 516 11).
930 433 950 518 5
962 436 990 497 5.
1001 451 1081 497 rare.
1092 451 1155 497 uu.
1166 435 1236 498 3114.

336 630 470 719 gloriam
489 632 596 722 potius
621 631 762 721 petituri.
805 629 972 721 Ingenium
997 630 1178 697 Romanum
1202 632 1306 697 obstat
1326 655 1400 698 nar-

337 744 554 824 ratiunculae,
587 766 683 834 quam
717 744 907 810 invenerunt
940 743 1099 823 historici,
1132 756 1167 809 ut
1198 744 1402 812 ostenderent

338 880 471 946 proavos
503 857 627 923 bellum
660 868 800 922 avertere
839 868 969 922 conatos
1002 879 1068 921 esse
1105 856 1227 922 etiamsi
1267 856 1402 936 frustra,

338 993 414 1037 nam
433 970 497 1035 lata
515 970 682 1061 urgebant.
727 969 892 1035 Facillime
918 970 1051 1035 inventu
1079 982 1146 1035 erat
1169 972 1303 1059 pecunia
1329 970 1402 1050 ista,

340 1105 415 1149 nam
443 1083 483 1149 de
511 1084 609 1152 Gallis
633 1082 783 1149 scribenti
805 1083 889 1149 nulli
907 1106 971 1148 non
993 1082 1200 1150 subveniebat
1220 1084 1314 1148 tristis
1333 1107 1402 1149 rne-

338 1199 438 1262 moria
465 1198 552 1262 istius
580 1196 752 1286 pecuniae,
782 1218 846 1285 qua
866 1197 966 1262 Roma
985 1219 1057 1260 mox
1077 1195 1170 1261 loede
1189 1194 1330 1263 redemta
1348 1209 1403 1263 est.

340 1310 430 1376 Livio
458 1310 570 1376 saltem
598 1310 691 1399 plura
711 1332 749 1374 er
771 1307 900 1374 historia
919 1308 1015 1376 Urbis
1035 1311 1098 1375 iam
1117 1323 1226 1399 captae
1246 1311 1278 1374 in
1300 1311 1405 1375 animo

340 1435 444 1502 erant,
476 1445 577 1513 quum
596 1421 789 1488 describeret
816 1421 937 1488 Urbem
966 1434 1094 1510 captum
1114 1422 1162 1487 iri.
1208 1421 1262 1487 Sic
1280 1435 1406 1488 senatus

341 1536 381 1601 ab
399 1558 438 1600 eo
457 1535 620 1601 inducitur
641 1534 889 1625 haudquaquam
909 1533 1016 1599 hostili
1037 1534 1142 1599 animo
1171 1533 1265 1599 luisse
1293 1533 1406 1600 adrer-

340 1671 392 1714 sus
417 1646 523 1713 Gallos
529 1673 539 1727 ,·
572 1647 648 1713 hine
675 1648 739 1711 istis
767 1669 887 1713 morem
916 1670 1024 1736 gerere
1054 1647 1188 1712 voluisse
1205 1659 1308 1736 patres
1328 1668 1405 1712 eon·

339 1762 449 1851 scripti
471 1740 684 1838 inducuntur3
716 1758 769 1825 sed
799 1760 869 1850 quis
897 1783 961 1824 nou
986 1761 1124 1849 agnoscit
1143 1759 1222 1825 haec
1241 1784 1258 1825 a
1277 1762 1408 1851 posteris

340 1874 471 1962 scripta,
494 1872 611 1964 quibus
639 1885 740 1938 terror
768 1873 894 1952 insitus,
927 1873 984 1937 ubi
1013 1873 1063 1938 rel
1093 1874 1212 1939 mentio
1239 1873 1279 1939 de
1307 1873 1406 1939 Gallis

340 1986 447 2052 fiebat
481 1986 642 2076 lppianus
663 1984 802 2075 denique
820 1985 917 2051 tradit
928 1986 1122 2075 respondisse
1142 1999 1301 2066 senatum,
1320 1997 1407 2076 post-

341 2122 438 2189 quem
457 2111 560 2188 patres
586 2099 701 2164 frustra
728 2099 833 2164 conati
860 2111 964 2165 essent
996 2098 1102 2165 Gallos
1123 2123 1199 2166 auro
1220 2120 1407 2190 componere

339 2226 371 2281 et
394 2212 531 2302 populus
553 2211 668 2277 Fabios
687 2213 720 2277 in
740 2226 926 2302 sequentem
949 2235 1069 2278 annum
1090 2213 1232 2279 tribunos
1256 2225 1409 2289 creasset,

340 2348 373 2391 se
400 2324 482 2390 nihil
510 2347 598 2414 posse
628 2325 663 2389 in
692 2326 891 2415 magistratus
920 2348 1003 2404 suos,
1033 2327 1142 2416 itaque
1173 2340 1243 2417 post
1272 2349 1409 2417 sequen-

339 2450 405 2504 tem
433 2461 553 2504 annum
582 2437 737 2516 redirent3
771 2436 888 2503 verum'
912 2438 973 2503 hoc
999 2453 1180 2505 contortum
1199 2453 1245 2506 est
1264 2463 1323 2507 nec
1341 2439 1408 2505 Ro·

340 2551 442 2615 manis
470 2550 610 2616 moribus
635 2550 798 2629 contenit,
830 2550 877 2617 nil
897 2550 985 2616 aliud
1007 2574 1072 2617 esse
1094 2552 1218 2619 videtur
1236 2575 1332 2642 quarn
1354 2575 1409 2618 er-

340 2662 485 2752 plieatio,
510 2685 567 2728 cur
585 2663 748 2727 noluerint
769 2663 881 2728 Fabios
901 2663 1035 2731 tradere.

341 2882 343 2885 ψ
398 2840 416 2924 §
441 2841 471 2900 5.
518 2833 622 2900 Fabia·
640 2837 771 2901 tribuni
786 2838 946 2916 militum,
966 2838 1078 2906 clades
1097 2840 1260 2908 Alliensis
1280 2843 1356 2905 364.

501 3016 528 3079 o.
546 3016 659 3066 rrnrns
673 3019 712 3068 u.
729 3019 759 3069 r.
777 3019 804 3082 o.
823 3019 851 3069 11.
870 3019 1018 3068 sunusrns
1037 3019 1055 3069 ¹.
1166 3014 1169 3019 ’

498 3101 529 3151 n.
547 3101 646 3149 rietus
665 3103 696 3152 ra.
715 3102 740 3153 r.
758 3103 785 3166 Q.
805 3103 831 3152 u.
849 3104 1006 3154 rnnusrus.

501 3185 529 3234 11.
548 3185 649 3235 rrnrus
668 3187 700 3236 u.
717 3186 742 3237 r.
760 3188 788 3251 Q.
805 3188 834 3237 11.
852 3189 1009 3239 rususrus.

479 3271 528 3334 n.
547 3271 690 3320 surarum
708 3272 828 3321 nereus.
871 3332 872 3336 Ἴ
957 3273 959 3276 ⁴

501 3358 528 3421 n.
546 3356 693 3405 sanuuus
711 3357 737 3420 Q.
755 3358 780 3407 r.
799 3357 823 3408 a.
842 3357 871 3408 n.
890 3357 1025 3424 (russeus)
1043 3358 1163 3406 ernanus
1182 3359 1218 3406 rr.

503 3442 528 3491 r.
546 3441 703 3491 coenamus
721 3444 745 3491 1.
764 3443 789 3492 r.
807 3443 838 3492 u.
856 3442 1113 3492 armironensis
1131 3444 1163 3493 u.

391 3566 459 3633 Iam
480 3568 642 3635 rideamus
662 3569 702 3634 de
722 3570 900 3634 tristissimo
920 3592 1020 3651 anno,
1044 3594 1107 3660 quo
1126 3570 1324 3637 tribunatum
1344 3595 1414 3661 ges·

346 3694 455 3748 serunt
480 3694 543 3747 tres
573 3682 623 3747 illi
650 3682 841 3747 nobilissimi
868 3682 974 3762 Fabii,
1005 3685 1188 3751 11113641
1214 3684 1330 3758 fuerit.
1356 3687 1412 3776 qui

344 3807 391 3862 est
405 3799 468 3861 120
479 3808 552 3886 post
561 3796 680 3886 primns
695 3795 851 3875 consules,
869 3796 920 3861 rel
935 3819 1036 3862 annus
1053 3798 1178 3888 primus
1198 3796 1250 3863 01.
1262 3797 1412 3877 XCVIII,

345 3908 523 3973 sireaunus
544 3930 680 3998 sequeus
694 3920 726 3986 ³,
751 3930 816 3998 quo
837 3907 957 3973 archon
981 3909 1111 3976 Athenis
1130 3911 1191 3976 luit
1211 3909 1411 3989 Theodotus,

343 4032 416 4110 post
436 4019 556 4087 Urbem
576 4021 660 4098 365,
685 4021 741 4111 qui
760 4035 805 4089 est
827 4026 868 4087 19
885 4035 957 4111 post
975 4045 1115 4112 pugnam
1134 4022 1173 4088 ad
1196 4026 1298 4114 Aegos
1319 4024 1412 4090 Pota·

302 4342 305 4351 ·
369 4319 390 4387 ¹)
413 4320 520 4370 Parth.
536 4335 558 4370 a.
575 4325 600 4369 et
615 4325 678 4380 348,
696 4325 761 4381 353;
776 4320 832 4371 Liv.
848 4325 882 4373 V.
902 4328 933 4372 36
943 4347 949 4383 ;
965 4324 1039 4377 Diod.
1056 4326 1106 4377 Sic.
1117 4326 1193 4376 XIV.
1207 4332 1269 4384 110;
1288 4326 1340 4376 An.
1357 4325 1417 4378 Nor.

334 4405 355 4472 ²)
372 4407 449 4456 Dion.
467 4405 528 4457 Hal.
546 4404 568 4453 1.
590 4407 634 4463 74;
652 4405 720 4455 Plin.
740 4406 772 4455 II.
787 4404 824 4455 N.
840 4400 973 4461 XXX'lII.
993 4416 1019 4470 l;
1038 4412 1142 4475 Eutrop.
1159 4412 1237 4471 11.1;
1257 4411 1324 4463 Oros
1334 4412 1383 4461 ΙΠ.
1397 4416 1419 4459 1.

334 4490 355 4559 ³]
373 4492 463 4556 Polyb.
482 4492 504 4542 1.
524 4494 557 4548 ὃς
575 4488 650 4540 Diod.
668 4490 718 4543 sic.
738 4490 814 4544 XIV.
837 4496 893 4545 110.
1298 4509 1300 4512 ’
