3210 5300
308 393 371 454 296
573 404 657 452 rann
679 407 758 450 urna
780 406 871 449 arran
892 402 1028 451 canarno
1051 389 1127 472 (24).

319 587 445 653 niosum
470 585 554 677 patri
578 584 756 675 reliquisse3
790 581 876 673 quod
902 602 1002 673 quum
1022 583 1068 648 ita
1089 583 1144 661 sit,
1167 579 1282 648 autad
1304 582 1388 655 Gora

323 700 420 788 gitem
451 710 592 764 nostrum
619 708 675 761 ant
699 693 786 785 quod
811 694 963 783 equidem
990 693 1076 760 malo
1101 693 1185 759 inter
1211 691 1392 759 Goltaianor

252 898 260 911 ⁶
325 823 489 902 suspectae
513 808 589 875 fidei
612 807 778 898 referatur.

720 1098 1003 1177 urrunnu.

541 1282 640 1330 raam
665 1282 754 1330 uxor
777 1281 882 1330 arran
907 1278 1063 1328 canarrru
1089 1263 1174 1352 (24).

587 1431 605 1514 §
633 1432 659 1495 l.
708 1426 816 1494 Sorae
832 1427 987 1519 proditio
1012 1433 1077 1495 439
1105 1438 1129 1494 ¹.

373 1595 518 1660 Valerius
549 1593 705 1660 Maximus
736 1594 826 1660 nobis
846 1595 980 1661 serravit
1002 1592 1040 1677 Q
1061 1591 1154 1659 Fabii
1176 1592 1306 1659 Maximi
1324 1593 1395 1659 die-

330 1721 397 1774 tum
417 1706 642 1786 memorabile,
666 1706 752 1773 unde
772 1707 863 1773 nobis
881 1707 1021 1772 innotuit
1040 1706 1169 1771 Maximi
1188 1706 1288 1773 filiam
1311 1728 1393 1799 nup-

329 1833 392 1886 tam
416 1821 512 1886 luisse
534 1820 633 1886 Atilio
654 1817 817 1900 Calatino,
839 1822 920 1910 patri
941 1821 1072 1886 fortasse
1092 1818 1129 1884 Δ.
1150 1820 1240 1885 Atilii
1260 1819 1392 1886 Calatini

331 1934 368 1999 A.
388 1934 410 1998 f.
432 1931 466 1999 C.
487 1956 517 1999 n.
539 1933 677 1998 consulis
695 1938 769 1999 496.
815 1932 1039 2000 Niebuhrius²
1058 1945 1144 1999 extra
1161 1932 1296 1999 dubium
1315 1931 1394 1999 illud

331 2048 454 2138 posuit,
475 2044 526 2111 sed
549 2045 653 2111 obstat
673 2045 759 2136 quod
782 2046 894 2112 consul
916 2048 992 2112 anni
1006 2050 1070 2113 496
1092 2070 1155 2111 non
1175 2049 1324 2113 antelbd
1336 2068 1394 2110 na·

332 2173 383 2224 tus
406 2158 503 2224 suerit
527 2159 617 2249 atqui
645 2163 684 2225 15
714 2183 813 2225 annos
830 2173 903 2250 post
924 2159 1021 2226 Sorae
1043 2160 1274 2250 proditionem,
1298 2179 1394 2249 quum

329 2287 422 2364 pater
444 2273 512 2338 eius
530 2273 592 2337 iam
617 2271 748 2337 durerat
768 2272 914 2338 Fabiam:
941 2284 1081 2339 attamen
1104 2295 1168 2337 non
1189 2271 1291 2338 audeo
1309 2269 1396 2360 cogi·

328 2397 395 2451 tare
416 2384 457 2449 de
478 2383 512 2450 C.
535 2383 680 2450 Calatino
702 2385 788 2448 illius
807 2386 946 2452 consulis
967 2410 1036 2452 aro.

376 2497 424 2562 Ile
453 2496 521 2587 ipsa
544 2495 642 2560 Fabia
664 2496 710 2560 nil
730 2497 925 2563 monendum
945 2498 1069 2577 habeo,
1092 2498 1165 2564 nolo
1185 2510 1288 2567 tomen
1309 2494 1396 2560 hune

331 2609 440 2677 lo'oum
456 2609 585 2673 missurn
605 2609 724 2689 faeere,
739 2610 922 2701 priusquam
942 2611 981 2677 de
999 2610 1095 2677 Sorae
1108 2610 1288 2702 proditione
1301 2606 1397 2674 verbo

333 2721 524 2789 monuerim.
574 2721 708 2786 Videtur
727 2721 822 2790 Sorae
841 2724 1015 2815 praefuisse
1036 2723 1167 2803 Atilius,
1192 2723 1275 2813 quod
1297 2743 1395 2813 quum

336 2833 492 2925 oppidum
521 2831 562 2898 ad
590 2833 712 2901 hostem
742 2834 927 2915 defecisset,
961 2837 1001 2902 ab
1029 2835 1124 2901 Atilio
1144 2836 1305 2926 proditum
1330 2858 1396 2900 esse

333 2945 520 3025 ridebatur,
550 2961 715 3014 accusatus
743 2962 790 3015 est
816 2950 988 3040 igiturille
1009 2962 1192 3017 nontamen
1215 2949 1398 3026 damnatus,

332 3081 406 3125 nam
434 3079 524 3125 socer
551 3058 586 3143 Q
609 3060 726 3127 Fabius
750 3061 905 3128 Maximus
925 3086 997 3128 eum
1019 3086 1056 3128 er
1075 3063 1219 3152 periculo
1239 3062 1396 3127 subtraxit

333 3171 442 3264 paucis
470 3171 572 3237 verbis
602 3173 775 3239 affirmans:
810 3175 865 3240 »si
888 3176 921 3240 in
948 3198 985 3240 eo
1009 3175 1141 3240 erimine
1162 3187 1285 3240 sontem
1305 3174 1397 3240 illum

333 3289 402 3379 ipse
428 3286 648 3376 comperisset,
671 3287 882 3354 diremturum
908 3311 940 3355 se
961 3287 1058 3353 luisse
1076 3288 1291 3353 affinitatem.”
1339 3284 1398 3353 uui

333 3399 517 3466 testimonio
537 3398 633 3465 iidem
654 3398 767 3467 habuit
788 3402 943 3492 populus,
969 3401 1101 3468 eredens
1117 3401 1165 3482 ei,
1189 3401 1241 3466 oui
1259 3401 1293 3466 in
1315 3399 1399 3466 diffi-

336 3510 465 3577 cillimis
488 3513 683 3604 reipublicae
705 3514 900 3605 temporibus
923 3514 1078 3580 exereitus
1096 3537 1129 3580 se
1150 3514 1336 3580 crediderat.
1450 3579 1453 3585 .

385 3624 466 3705 tlii,
485 3627 568 3692 inter
579 3649 659 3716 quos
670 3628 858 3693 norissimus
870 3628 988 3693 Valerii
1001 3627 1105 3693 editor
1115 3627 1249 3719 Kempi,
1266 3628 1400 3721 opinan-

337 3750 389 3804 tur
406 3738 499 3810 Fabii
516 3739 717 3807 Cunctatoris
734 3764 800 3807 esse
816 3739 955 3821 dictum,
971 3753 1002 3807 et
1020 3763 1118 3830 quum
1136 3740 1224 3807 bello
1238 3740 1358 3806 Punico
1369 3737 1401 3806 Il

338 3849 500 3915 Hannibal
532 3850 652 3917 tamdiu
684 3851 716 3916 in
743 3850 832 3918 ltalia
855 3852 959 3942 degit,
984 3850 1081 3917 Sorae
1103 3849 1298 3918 deditionem
1319 3852 1403 3919 aoei-

339 3962 423 4029 disse
441 3963 534 4054 atqui
549 3962 594 4029 Μ.
615 3962 749 4032 Atilium
768 3965 1027 4055 intelligendum,
1051 3964 1155 4030 filium'
1170 3964 1308 4032 consulis
1326 3969 1401 4032 496.

337 4079 382 4145 At
409 4074 504 4142 huius
534 4076 580 4141 rei
608 4099 709 4168 quum
740 4078 827 4147 illins
856 4079 1007 4169 temporis
1035 4089 1129 4144 testes
1160 4078 1403 4171 locupletissimi

338 4190 461 4256 nullam
488 4189 607 4256 faciant
633 4192 848 4274 mentionem,
878 4215 951 4259 nam
974 4192 1101 4258 nonnisi
1120 4214 1238 4259 nornen
1259 4192 1326 4260 eius
1347 4212 1402 4256 oe·

365 4441 385 4509 ι)
403 4442 463 4493 vn.
480 4442 552 4493 Max.
571 4443 649 4494 vnr.
671 4448 692 4493 1.
711 4449 735 4494 r.
805 4440 826 4513 ²)
844 4441 878 4494 n.
901 4442 931 4496 o.
948 4446 999 4498 111.
1020 4450 1068 4496 aas
1089 4462 1115 4497 n.
1133 4451 1203 4499 aas,
