<?xml version="1.0" encoding="UTF-8"?>
<!DOCTYPE html PUBLIC "-//W3C//DTD XHTML 1.0 Transitional//EN"
    "http://www.w3.org/TR/xhtml1/DTD/xhtml1-transitional.dtd">
<html xmlns="http://www.w3.org/1999/xhtml" xml:lang="en" lang="en">
 <head>
  <title>
</title>
<meta http-equiv="Content-Type" content="text/html;charset=utf-8" />
  <meta name='ocr-system' content='tesseract 3.04.00' />
  <meta name='ocr-capabilities' content='ocr_page ocr_carea ocr_par ocr_line ocrx_word'/>
</head>
<body>
  <div class='ocr_page' id='page_1' title='image "./disputatiodegen00servgoog_0401.png"; bbox 0 0 3190 5304; ppageno 0'>
   <div class='ocr_carea' id='block_1_1' title="bbox 342 399 1278 484">
    <p class='ocr_par' dir='ltr' id='par_1_1' title="bbox 342 399 1278 484">
     <span class='ocr_line' id='line_1_1' title="bbox 342 399 1278 484; baseline 0 -20"><span class='ocrx_word' id='word_1_1' title='bbox 342 401 402 464; x_wconf 70' lang='lat'>384</span> <span class='ocrx_word' id='word_1_2' title='bbox 484 421 512 470; x_wconf 83' lang='lat' dir='ltr'>o.</span> <span class='ocrx_word' id='word_1_3' title='bbox 533 417 637 462; x_wconf 84' lang='lat' dir='ltr'>rrarus</span> <span class='ocrx_word' id='word_1_4' title='bbox 658 420 687 470; x_wconf 73' lang='lat' dir='ltr'>o</span> <span class='ocrx_word' id='word_1_5' title='bbox 707 418 741 461; x_wconf 80' lang='lat' dir='ltr'>r..</span> <span class='ocrx_word' id='word_1_6' title='bbox 757 412 785 469; x_wconf 81' lang='lat' dir='ltr'>o.</span> <span class='ocrx_word' id='word_1_7' title='bbox 806 416 834 461; x_wconf 85' lang='lat' dir='ltr'>u.</span> <span class='ocrx_word' id='word_1_8' title='bbox 855 415 986 463; x_wconf 83' lang='lat' dir='ltr'>uarruus</span> <span class='ocrx_word' id='word_1_9' title='bbox 1006 417 1183 463; x_wconf 81' lang='lat' dir='ltr'>aaarcuuus</span> <span class='ocrx_word' id='word_1_10' title='bbox 1201 399 1278 484; x_wconf 84' lang='lat'><strong>(48).</strong></span> 
     </span>
    </p>
   </div>
   <div class='ocr_carea' id='block_1_2' title="bbox 342 582 1412 1369">
    <p class='ocr_par' dir='ltr' id='par_1_2' title="bbox 343 582 1409 916">
     <span class='ocr_line' id='line_1_2' title="bbox 343 582 1409 687; baseline 0 -23"><span class='ocrx_word' id='word_1_11' title='bbox 343 598 469 664; x_wconf 85' lang='lat' dir='ltr'>etiarnsi</span> <span class='ocrx_word' id='word_1_12' title='bbox 495 582 670 663; x_wconf 82' lang='lat' dir='ltr'>excusanda</span> <span class='ocrx_word' id='word_1_13' title='bbox 697 593 901 662; x_wconf 79' lang='lat' dir='ltr'>vehementer</span> <span class='ocrx_word' id='word_1_14' title='bbox 920 619 937 660; x_wconf 93' lang='lat' dir='ltr'>a</span> <span class='ocrx_word' id='word_1_15' title='bbox 957 595 1140 663; x_wconf 81' lang='lat' dir='ltr'>consulibus</span> <span class='ocrx_word' id='word_1_16' title='bbox 1161 608 1208 664; x_wconf 92' lang='lat' dir='ltr'>est</span> <span class='ocrx_word' id='word_1_17' title='bbox 1228 597 1409 687; x_wconf 80' lang='lat' dir='ltr'>obiurgata3</span> 
     </span>
     <span class='ocr_line' id='line_1_3' title="bbox 345 708 1408 801; baseline 0 -23"><span class='ocrx_word' id='word_1_18' title='bbox 345 711 508 778; x_wconf 88' lang='lat' dir='ltr'>eratenim</span> <span class='ocrx_word' id='word_1_19' title='bbox 527 710 621 776; x_wconf 90' lang='lat' dir='ltr'>nimis</span> <span class='ocrx_word' id='word_1_20' title='bbox 639 733 658 775; x_wconf 91' lang='lat' dir='ltr'>e</span> <span class='ocrx_word' id='word_1_21' title='bbox 676 708 843 800; x_wconf 75' lang='lat' dir='ltr'><strong>republica</strong></span> <span class='ocrx_word' id='word_1_22' title='bbox 859 709 924 776; x_wconf 88' lang='lat' dir='ltr'>alto</span> <span class='ocrx_word' id='word_1_23' title='bbox 944 710 1070 777; x_wconf 89' lang='lat' dir='ltr'>silentio</span> <span class='ocrx_word' id='word_1_24' title='bbox 1086 734 1231 801; x_wconf 84' lang='lat' dir='ltr'>premere</span> <span class='ocrx_word' id='word_1_25' title='bbox 1245 712 1408 793; x_wconf 87' lang='lat' dir='ltr'>consulta,</span> 
     </span>
     <span class='ocr_line' id='line_1_4' title="bbox 344 824 1158 916; baseline 0 -25"><span class='ocrx_word' id='word_1_26' title='bbox 344 849 386 892; x_wconf 89' lang='lat' dir='ltr'>ne</span> <span class='ocrx_word' id='word_1_27' title='bbox 405 825 511 891; x_wconf 91' lang='lat' dir='ltr'>hostes</span> <span class='ocrx_word' id='word_1_28' title='bbox 531 826 567 889; x_wconf 91' lang='lat' dir='ltr'>in</span> <span class='ocrx_word' id='word_1_29' title='bbox 588 825 688 890; x_wconf 85' lang='lat' dir='ltr'>socios</span> <span class='ocrx_word' id='word_1_30' title='bbox 707 824 918 889; x_wconf 86' lang='lat' dir='ltr'>inarmatosve</span> <span class='ocrx_word' id='word_1_31' title='bbox 935 825 1158 916; x_wconf 86' lang='lat' dir='ltr'>irrumperent.</span> 
     </span>
    </p>

    <p class='ocr_par' dir='ltr' id='par_1_3' title="bbox 342 937 1412 1369">
     <span class='ocr_line' id='line_1_5' title="bbox 389 937 1410 1022; baseline 0.001 -20"><span class='ocrx_word' id='word_1_32' title='bbox 389 938 534 1006; x_wconf 82' lang='lat' dir='ltr'>Valerius</span> <span class='ocrx_word' id='word_1_33' title='bbox 555 937 649 1004; x_wconf 89' lang='lat' dir='ltr'>huius</span> <span class='ocrx_word' id='word_1_34' title='bbox 669 938 716 1002; x_wconf 94' lang='lat' dir='ltr'>rei</span> <span class='ocrx_word' id='word_1_35' title='bbox 733 937 845 1002; x_wconf 89' lang='lat' dir='ltr'>unicus</span> <span class='ocrx_word' id='word_1_36' title='bbox 864 937 951 1003; x_wconf 89' lang='lat' dir='ltr'>testis</span> <span class='ocrx_word' id='word_1_37' title='bbox 969 938 1098 1004; x_wconf 86' lang='lat' dir='ltr'>nonnisi</span> <span class='ocrx_word' id='word_1_38' title='bbox 1119 937 1155 1022; x_wconf 80' lang='lat' dir='ltr'>Q.</span> <span class='ocrx_word' id='word_1_39' title='bbox 1174 937 1266 1004; x_wconf 82' lang='lat' dir='ltr'>Fabii</span> <span class='ocrx_word' id='word_1_40' title='bbox 1280 937 1410 1003; x_wconf 79' lang='lat' dir='ltr'>Maximi</span> 
     </span>
     <span class='ocr_line' id='line_1_6' title="bbox 343 1049 1412 1130; baseline -0.003 -13"><span class='ocrx_word' id='word_1_41' title='bbox 343 1074 461 1117; x_wconf 90' lang='lat' dir='ltr'>nornen</span> <span class='ocrx_word' id='word_1_42' title='bbox 483 1049 598 1130; x_wconf 88' lang='lat' dir='ltr'>habet,</span> <span class='ocrx_word' id='word_1_43' title='bbox 621 1050 702 1116; x_wconf 83' lang='lat' dir='ltr'>sitne</span> <span class='ocrx_word' id='word_1_44' title='bbox 721 1073 804 1117; x_wconf 80' lang='lat' dir='ltr'>vero</span> <span class='ocrx_word' id='word_1_45' title='bbox 819 1050 1014 1117; x_wconf 75' lang='lat' dir='ltr'>Aemilianus</span> <span class='ocrx_word' id='word_1_46' title='bbox 1036 1074 1075 1117; x_wconf 91' lang='lat' dir='ltr'>an</span> <span class='ocrx_word' id='word_1_47' title='bbox 1096 1050 1290 1118; x_wconf 85' lang='lat' dir='ltr'>Servilianos</span> <span class='ocrx_word' id='word_1_48' title='bbox 1311 1050 1412 1116; x_wconf 76' lang='lat' dir='ltr'>intel-</span> 
     </span>
     <span class='ocr_line' id='line_1_7' title="bbox 342 1163 1410 1254; baseline -0.001 -24"><span class='ocrx_word' id='word_1_49' title='bbox 342 1165 487 1254; x_wconf 86' lang='lat' dir='ltr'>ligendus</span> <span class='ocrx_word' id='word_1_50' title='bbox 517 1164 704 1254; x_wconf 78' lang='lat' dir='ltr'>ambigitur,</span> <span class='ocrx_word' id='word_1_51' title='bbox 734 1163 831 1253; x_wconf 83' lang='lat' dir='ltr'>vulgo</span> <span class='ocrx_word' id='word_1_52' title='bbox 856 1163 895 1229; x_wconf 88' lang='lat' dir='ltr'>ed</span> <span class='ocrx_word' id='word_1_53' title='bbox 914 1163 1009 1229; x_wconf 90' lang='lat' dir='ltr'>illum</span> <span class='ocrx_word' id='word_1_54' title='bbox 1029 1164 1206 1231; x_wconf 89' lang='lat' dir='ltr'>retulerunt</span> <span class='ocrx_word' id='word_1_55' title='bbox 1226 1166 1284 1233; x_wconf 80' lang='lat' dir='ltr'>riri</span> <span class='ocrx_word' id='word_1_56' title='bbox 1305 1163 1410 1244; x_wconf 92' lang='lat' dir='ltr'>docti,</span> 
     </span>
     <span class='ocr_line' id='line_1_8' title="bbox 342 1275 1410 1369; baseline 0.001 -25"><span class='ocrx_word' id='word_1_57' title='bbox 342 1290 373 1344; x_wconf 90' lang='lat' dir='ltr'>at</span> <span class='ocrx_word' id='word_1_58' title='bbox 397 1290 483 1344; x_wconf 89' lang='lat' dir='ltr'>recte</span> <span class='ocrx_word' id='word_1_59' title='bbox 503 1275 666 1343; x_wconf 85' lang='lat' dir='ltr'>llaalrhius</span> <span class='ocrx_word' id='word_1_60' title='bbox 682 1275 828 1342; x_wconf 80' lang='lat' dir='ltr'>observat</span> <span class='ocrx_word' id='word_1_61' title='bbox 844 1276 931 1342; x_wconf 88' lang='lat' dir='ltr'>bunc</span> <span class='ocrx_word' id='word_1_62' title='bbox 946 1299 1047 1368; x_wconf 89' lang='lat' dir='ltr'>aeque</span> <span class='ocrx_word' id='word_1_63' title='bbox 1062 1277 1143 1344; x_wconf 88' lang='lat' dir='ltr'>bene</span> <span class='ocrx_word' id='word_1_64' title='bbox 1159 1278 1298 1369; x_wconf 78' lang='lat' dir='ltr'>intelligi</span> <span class='ocrx_word' id='word_1_65' title='bbox 1307 1300 1410 1369; x_wconf 88' lang='lat' dir='ltr'>posse.</span> 
     </span>
    </p>
   </div>
   <div class='ocr_carea' id='block_1_3' title="bbox 679 1460 1084 1546">
    <p class='ocr_par' dir='ltr' id='par_1_4' title="bbox 679 1460 1084 1546">
     <span class='ocr_line' id='line_1_9' title="bbox 679 1460 1084 1546; baseline 0 -22"><span class='ocrx_word' id='word_1_66' title='bbox 679 1463 698 1546; x_wconf 53' lang='grc' dir='ltr'><strong>ξ</strong></span> <span class='ocrx_word' id='word_1_67' title='bbox 723 1465 752 1524; x_wconf 83' lang='grc'>5.</span> <span class='ocrx_word' id='word_1_68' title='bbox 799 1460 948 1542; x_wconf 76' lang='lat' dir='ltr'><em>Praetor</em></span> <span class='ocrx_word' id='word_1_69' title='bbox 972 1462 1037 1526; x_wconf 89' lang='grc'>605</span> <span class='ocrx_word' id='word_1_70' title='bbox 1061 1472 1084 1524; x_wconf 88' lang='lat'>¹.</span> 
     </span>
    </p>
   </div>
   <div class='ocr_carea' id='block_1_4' title="bbox 333 1612 1411 3739">
    <p class='ocr_par' dir='ltr' id='par_1_5' title="bbox 333 1612 1411 3739">
     <span class='ocr_line' id='line_1_10' title="bbox 386 1612 1411 1708; baseline 0.001 -28"><span class='ocrx_word' id='word_1_71' title='bbox 386 1612 518 1681; x_wconf 89' lang='lat' dir='ltr'>Summa</span> <span class='ocrx_word' id='word_1_72' title='bbox 542 1613 733 1705; x_wconf 81' lang='lat' dir='ltr'>Cartbagine</span> <span class='ocrx_word' id='word_1_73' title='bbox 758 1628 825 1682; x_wconf 89' lang='lat' dir='ltr'>erat</span> <span class='ocrx_word' id='word_1_74' title='bbox 843 1638 948 1683; x_wconf 87' lang='lat' dir='ltr'>rerum</span> <span class='ocrx_word' id='word_1_75' title='bbox 980 1614 1178 1708; x_wconf 76' lang='lat' dir='ltr'>desperatio,</span> <span class='ocrx_word' id='word_1_76' title='bbox 1201 1638 1301 1706; x_wconf 88' lang='lat' dir='ltr'>quum</span> <span class='ocrx_word' id='word_1_77' title='bbox 1322 1639 1411 1682; x_wconf 90' lang='lat' dir='ltr'>anuo</span> 
     </span>
     <span class='ocr_line' id='line_1_11' title="bbox 343 1727 1407 1808; baseline 0.002 -17"><span class='ocrx_word' id='word_1_78' title='bbox 343 1730 408 1795; x_wconf 84' lang='grc'>605</span> <span class='ocrx_word' id='word_1_79' title='bbox 434 1728 599 1795; x_wconf 81' lang='lat' dir='ltr'>Uticenses</span> <span class='ocrx_word' id='word_1_80' title='bbox 630 1752 662 1794; x_wconf 88' lang='lat' dir='ltr'>se</span> <span class='ocrx_word' id='word_1_81' title='bbox 690 1728 842 1794; x_wconf 88' lang='lat' dir='ltr'>Romanis</span> <span class='ocrx_word' id='word_1_82' title='bbox 866 1728 1024 1795; x_wconf 89' lang='lat' dir='ltr'>dedidisse</span> <span class='ocrx_word' id='word_1_83' title='bbox 1049 1728 1278 1808; x_wconf 89' lang='lat' dir='ltr'>audiebantur;</span> <span class='ocrx_word' id='word_1_84' title='bbox 1305 1727 1407 1794; x_wconf 88' lang='lat' dir='ltr'>Poeni</span> 
     </span>
     <span class='ocr_line' id='line_1_12' title="bbox 341 1840 1407 1933; baseline 0.001 -28"><span class='ocrx_word' id='word_1_85' title='bbox 341 1840 464 1907; x_wconf 90' lang='lat' dir='ltr'>bellum</span> <span class='ocrx_word' id='word_1_86' title='bbox 485 1840 691 1932; x_wconf 81' lang='lat' dir='ltr'>respuebant,</span> <span class='ocrx_word' id='word_1_87' title='bbox 713 1840 775 1907; x_wconf 87' lang='lat' dir='ltr'>iam</span> <span class='ocrx_word' id='word_1_88' title='bbox 792 1842 866 1908; x_wconf 89' lang='lat' dir='ltr'>satis</span> <span class='ocrx_word' id='word_1_89' title='bbox 883 1863 1042 1933; x_wconf 88' lang='lat' dir='ltr'>superque</span> <span class='ocrx_word' id='word_1_90' title='bbox 1070 1840 1189 1931; x_wconf 80' lang='lat' dir='ltr'>experti</span> <span class='ocrx_word' id='word_1_91' title='bbox 1217 1840 1296 1931; x_wconf 90' lang='lat' dir='ltr'>quid</span> <span class='ocrx_word' id='word_1_92' title='bbox 1325 1852 1407 1907; x_wconf 89' lang='lat' dir='ltr'>esset</span> 
     </span>
     <span class='ocr_line' id='line_1_13' title="bbox 343 1954 1407 2044; baseline 0.002 -26"><span class='ocrx_word' id='word_1_93' title='bbox 343 1966 453 2020; x_wconf 88' lang='lat' dir='ltr'>contra</span> <span class='ocrx_word' id='word_1_94' title='bbox 477 1955 622 2022; x_wconf 80' lang='lat' dir='ltr'>Martiam</span> <span class='ocrx_word' id='word_1_95' title='bbox 640 1968 767 2044; x_wconf 77' lang='lat' dir='ltr'>gentem</span> <span class='ocrx_word' id='word_1_96' title='bbox 788 1954 913 2021; x_wconf 89' lang='lat' dir='ltr'>bellum</span> <span class='ocrx_word' id='word_1_97' title='bbox 929 1976 1037 2043; x_wconf 88' lang='lat' dir='ltr'>gerere</span> <span class='ocrx_word' id='word_1_98' title='bbox 1056 1966 1088 2021; x_wconf 91' lang='lat' dir='ltr'>et</span> <span class='ocrx_word' id='word_1_99' title='bbox 1108 1955 1232 2044; x_wconf 74' lang='lat' dir='ltr'>gravius</span> <span class='ocrx_word' id='word_1_100' title='bbox 1247 1977 1314 2020; x_wconf 87' lang='lat' dir='ltr'>esse</span> <span class='ocrx_word' id='word_1_101' title='bbox 1330 1976 1407 2020; x_wconf 88' lang='lat' dir='ltr'>curn</span> 
     </span>
     <span class='ocr_line' id='line_1_14' title="bbox 340 2066 1407 2160; baseline 0.002 -30"><span class='ocrx_word' id='word_1_102' title='bbox 340 2066 379 2131; x_wconf 89' lang='lat' dir='ltr'>iis</span> <span class='ocrx_word' id='word_1_103' title='bbox 397 2090 513 2158; x_wconf 87' lang='lat' dir='ltr'>pacem</span> <span class='ocrx_word' id='word_1_104' title='bbox 531 2089 733 2160; x_wconf 88' lang='lat' dir='ltr'>componere.</span> <span class='ocrx_word' id='word_1_105' title='bbox 775 2067 854 2132; x_wconf 87' lang='lat' dir='ltr'>Tum</span> <span class='ocrx_word' id='word_1_106' title='bbox 877 2067 1094 2134; x_wconf 87' lang='lat' dir='ltr'>deliberarunt</span> <span class='ocrx_word' id='word_1_107' title='bbox 1123 2067 1251 2133; x_wconf 83' lang='lat' dir='ltr'>Poeni²</span> <span class='ocrx_word' id='word_1_108' title='bbox 1281 2080 1407 2133; x_wconf 85' lang='lat' dir='ltr'>essetne</span> 
     </span>
     <span class='ocr_line' id='line_1_15' title="bbox 340 2179 1407 2271; baseline 0.001 -26"><span class='ocrx_word' id='word_1_109' title='bbox 340 2179 462 2246; x_wconf 90' lang='lat' dir='ltr'>bellurn</span> <span class='ocrx_word' id='word_1_110' title='bbox 491 2180 618 2247; x_wconf 85' lang='lat' dir='ltr'>fortiter</span> <span class='ocrx_word' id='word_1_111' title='bbox 644 2179 881 2271; x_wconf 89' lang='lat' dir='ltr'>suscipiendum</span> <span class='ocrx_word' id='word_1_112' title='bbox 911 2192 966 2246; x_wconf 88' lang='lat' dir='ltr'>aut</span> <span class='ocrx_word' id='word_1_113' title='bbox 993 2181 1144 2247; x_wconf 86' lang='lat' dir='ltr'>Romanis</span> <span class='ocrx_word' id='word_1_114' title='bbox 1172 2179 1407 2259; x_wconf 89' lang='lat' dir='ltr'>obediendum,</span> 
     </span>
     <span class='ocr_line' id='line_1_16' title="bbox 334 2292 1404 2385; baseline 0.002 -28"><span class='ocrx_word' id='word_1_115' title='bbox 334 2293 461 2382; x_wconf 86' lang='lat' dir='ltr'>placuit</span> <span class='ocrx_word' id='word_1_116' title='bbox 488 2293 627 2385; x_wconf 91' lang='lat' dir='ltr'>denique</span> <span class='ocrx_word' id='word_1_117' title='bbox 653 2293 773 2382; x_wconf 87' lang='lat' dir='ltr'>legatos</span> <span class='ocrx_word' id='word_1_118' title='bbox 792 2292 927 2358; x_wconf 87' lang='lat' dir='ltr'>Romam</span> <span class='ocrx_word' id='word_1_119' title='bbox 948 2293 1090 2372; x_wconf 87' lang='lat' dir='ltr'>mittere,</span> <span class='ocrx_word' id='word_1_120' title='bbox 1114 2316 1250 2384; x_wconf 89' lang='lat' dir='ltr'>quorum</span> <span class='ocrx_word' id='word_1_121' title='bbox 1272 2294 1404 2359; x_wconf 91' lang='lat' dir='ltr'>arbitrio</span> 
     </span>
     <span class='ocr_line' id='line_1_17' title="bbox 340 2404 1405 2485; baseline -0.001 -12"><span class='ocrx_word' id='word_1_122' title='bbox 340 2428 373 2473; x_wconf 85' lang='lat' dir='ltr'>ae</span> <span class='ocrx_word' id='word_1_123' title='bbox 392 2404 554 2472; x_wconf 89' lang='lat' dir='ltr'>dederent.</span> <span class='ocrx_word' id='word_1_124' title='bbox 588 2405 752 2472; x_wconf 81' lang='lat' dir='ltr'>Venerunt</span> <span class='ocrx_word' id='word_1_125' title='bbox 771 2405 818 2470; x_wconf 91' lang='lat' dir='ltr'>illi</span> <span class='ocrx_word' id='word_1_126' title='bbox 838 2406 989 2484; x_wconf 87' lang='lat' dir='ltr'>Romam,</span> <span class='ocrx_word' id='word_1_127' title='bbox 1013 2405 1068 2473; x_wconf 91' lang='lat' dir='ltr'>sed</span> <span class='ocrx_word' id='word_1_128' title='bbox 1088 2429 1157 2473; x_wconf 91' lang='lat' dir='ltr'>sero</span> <span class='ocrx_word' id='word_1_129' title='bbox 1177 2418 1258 2485; x_wconf 90' lang='lat' dir='ltr'>erat,</span> <span class='ocrx_word' id='word_1_130' title='bbox 1282 2406 1405 2473; x_wconf 89' lang='lat' dir='ltr'>bellum</span> 
     </span>
     <span class='ocr_line' id='line_1_18' title="bbox 338 2518 1404 2609; baseline -0.003 -23"><span class='ocrx_word' id='word_1_131' title='bbox 338 2523 402 2588; x_wconf 90' lang='lat' dir='ltr'>iam</span> <span class='ocrx_word' id='word_1_132' title='bbox 427 2520 606 2587; x_wconf 84' lang='lat' dir='ltr'>decreverat</span> <span class='ocrx_word' id='word_1_133' title='bbox 626 2530 767 2599; x_wconf 89' lang='lat' dir='ltr'>senatus,</span> <span class='ocrx_word' id='word_1_134' title='bbox 791 2518 905 2585; x_wconf 87' lang='lat' dir='ltr'>classes</span> <span class='ocrx_word' id='word_1_135' title='bbox 922 2519 1086 2609; x_wconf 83' lang='lat' dir='ltr'>profectae</span> <span class='ocrx_word' id='word_1_136' title='bbox 1106 2531 1206 2587; x_wconf 89' lang='lat' dir='ltr'>erant.</span> <span class='ocrx_word' id='word_1_137' title='bbox 1256 2518 1304 2584; x_wconf 79' lang='lat' dir='ltr'>ad</span> <span class='ocrx_word' id='word_1_138' title='bbox 1324 2518 1404 2584; x_wconf 90' lang='lat' dir='ltr'>ulti-</span> 
     </span>
     <span class='ocr_line' id='line_1_19' title="bbox 338 2623 1403 2724; baseline -0.004 -24"><span class='ocrx_word' id='word_1_139' title='bbox 338 2658 427 2700; x_wconf 88' lang='lat' dir='ltr'>mum</span> <span class='ocrx_word' id='word_1_140' title='bbox 447 2634 544 2724; x_wconf 86' lang='lat' dir='ltr'>igitur</span> <span class='ocrx_word' id='word_1_141' title='bbox 560 2632 717 2723; x_wconf 85' lang='lat' dir='ltr'>refugium</span> <span class='ocrx_word' id='word_1_142' title='bbox 738 2645 804 2698; x_wconf 88' lang='lat' dir='ltr'>erat</span> <span class='ocrx_word' id='word_1_143' title='bbox 821 2623 1066 2712; x_wconf 82' lang='lat' dir='ltr'>recurrendum,</span> <span class='ocrx_word' id='word_1_144' title='bbox 1089 2633 1186 2724; x_wconf 90' lang='lat' dir='ltr'>legati</span> <span class='ocrx_word' id='word_1_145' title='bbox 1200 2633 1403 2724; x_wconf 89' lang='lat' dir='ltr'>reliquerunt</span> 
     </span>
     <span class='ocr_line' id='line_1_20' title="bbox 338 2745 1405 2837; baseline -0.002 -25"><span class='ocrx_word' id='word_1_146' title='bbox 338 2770 370 2812; x_wconf 95' lang='lat' dir='ltr'>se</span> <span class='ocrx_word' id='word_1_147' title='bbox 403 2746 575 2835; x_wconf 88' lang='lat' dir='ltr'>omniaque</span> <span class='ocrx_word' id='word_1_148' title='bbox 608 2767 664 2810; x_wconf 88' lang='lat' dir='ltr'>sua</span> <span class='ocrx_word' id='word_1_149' title='bbox 698 2745 829 2812; x_wconf 90' lang='lat' dir='ltr'>arbitrio</span> <span class='ocrx_word' id='word_1_150' title='bbox 861 2746 1095 2826; x_wconf 87' lang='lat' dir='ltr'>Romanorum,</span> <span class='ocrx_word' id='word_1_151' title='bbox 1129 2746 1213 2837; x_wconf 90' lang='lat' dir='ltr'>quod</span> <span class='ocrx_word' id='word_1_152' title='bbox 1246 2745 1320 2837; x_wconf 90' lang='lat' dir='ltr'>quid</span> <span class='ocrx_word' id='word_1_153' title='bbox 1361 2747 1405 2810; x_wconf 88' lang='lat' dir='ltr'>sit</span> 
     </span>
     <span class='ocr_line' id='line_1_21' title="bbox 336 2857 1401 2950; baseline 0 -25"><span class='ocrx_word' id='word_1_154' title='bbox 336 2858 491 2946; x_wconf 79' lang='lat' dir='ltr'>Polybius</span> <span class='ocrx_word' id='word_1_155' title='bbox 510 2868 656 2922; x_wconf 87' lang='lat' dir='ltr'>accurate</span> <span class='ocrx_word' id='word_1_156' title='bbox 680 2857 816 2950; x_wconf 82' lang='lat' dir='ltr'>explicat</span> <span class='ocrx_word' id='word_1_157' title='bbox 845 2860 971 2926; x_wconf 86' lang='lat' dir='ltr'>Graecis</span> <span class='ocrx_word' id='word_1_158' title='bbox 999 2860 1181 2926; x_wconf 87' lang='lat' dir='ltr'>lectoribus.</span> <span class='ocrx_word' id='word_1_159' title='bbox 1229 2860 1401 2949; x_wconf 88' lang='lat' dir='ltr'>Postquam</span> 
     </span>
     <span class='ocr_line' id='line_1_22' title="bbox 337 2967 1401 3063; baseline 0.001 -28"><span class='ocrx_word' id='word_1_160' title='bbox 337 2971 410 3036; x_wconf 88' lang='lat' dir='ltr'>satis</span> <span class='ocrx_word' id='word_1_161' title='bbox 438 2969 493 3035; x_wconf 92' lang='lat' dir='ltr'>diu</span> <span class='ocrx_word' id='word_1_162' title='bbox 522 2981 589 3034; x_wconf 87' lang='lat' dir='ltr'>erat</span> <span class='ocrx_word' id='word_1_163' title='bbox 607 2967 835 3050; x_wconf 88' lang='lat' dir='ltr'>deliberatum,</span> <span class='ocrx_word' id='word_1_164' title='bbox 868 2972 981 3038; x_wconf 91' lang='lat' dir='ltr'>Poenis</span> <span class='ocrx_word' id='word_1_165' title='bbox 1012 2972 1130 3038; x_wconf 89' lang='lat' dir='ltr'>curiam</span> <span class='ocrx_word' id='word_1_166' title='bbox 1155 2973 1301 3063; x_wconf 77' lang='lat' dir='ltr'>ingressis</span> <span class='ocrx_word' id='word_1_167' title='bbox 1322 2994 1401 3037; x_wconf 90' lang='lat' dir='ltr'>con-</span> 
     </span>
     <span class='ocr_line' id='line_1_23' title="bbox 336 3082 1400 3175; baseline -0.001 -26"><span class='ocrx_word' id='word_1_168' title='bbox 336 3084 385 3149; x_wconf 90' lang='lat' dir='ltr'>sul</span> <span class='ocrx_word' id='word_1_169' title='bbox 417 3082 497 3148; x_wconf 85' lang='lat' dir='ltr'>dixit</span> <span class='ocrx_word' id='word_1_170' title='bbox 525 3094 669 3148; x_wconf 89' lang='lat' dir='ltr'>senatum</span> <span class='ocrx_word' id='word_1_171' title='bbox 699 3082 879 3149; x_wconf 90' lang='lat' dir='ltr'>libertatem</span> <span class='ocrx_word' id='word_1_172' title='bbox 906 3084 1095 3165; x_wconf 76' lang='lat' dir='ltr'>demovisse,</span> <span class='ocrx_word' id='word_1_173' title='bbox 1128 3086 1232 3175; x_wconf 83' lang='lat' dir='ltr'>leges,</span> <span class='ocrx_word' id='word_1_174' title='bbox 1265 3097 1400 3162; x_wconf 85' lang='lat' dir='ltr'>terram,</span> 
     </span>
     <span class='ocr_line' id='line_1_24' title="bbox 336 3197 1400 3288; baseline -0.001 -25"><span class='ocrx_word' id='word_1_175' title='bbox 336 3198 544 3288; x_wconf 90' lang='lat' dir='ltr'>omniumque</span> <span class='ocrx_word' id='word_1_176' title='bbox 571 3220 676 3263; x_wconf 88' lang='lat' dir='ltr'>rerum</span> <span class='ocrx_word' id='word_1_177' title='bbox 700 3197 929 3288; x_wconf 90' lang='lat' dir='ltr'>possessiouem</span> <span class='ocrx_word' id='word_1_178' title='bbox 949 3199 987 3264; x_wconf 90' lang='lat' dir='ltr'>iis</span> <span class='ocrx_word' id='word_1_179' title='bbox 1009 3198 1199 3277; x_wconf 83' lang='lat' dir='ltr'>concedere,</span> <span class='ocrx_word' id='word_1_180' title='bbox 1222 3197 1271 3263; x_wconf 90' lang='lat' dir='ltr'>his</span> <span class='ocrx_word' id='word_1_181' title='bbox 1294 3209 1400 3262; x_wconf 88' lang='lat' dir='ltr'>tamen</span> 
     </span>
     <span class='ocr_line' id='line_1_25' title="bbox 334 3309 1398 3402; baseline -0.002 -26"><span class='ocrx_word' id='word_1_182' title='bbox 334 3312 458 3402; x_wconf 89' lang='lat' dir='ltr'>legibus</span> <span class='ocrx_word' id='word_1_183' title='bbox 479 3322 514 3376; x_wconf 88' lang='lat' dir='ltr'>ut</span> <span class='ocrx_word' id='word_1_184' title='bbox 536 3313 602 3376; x_wconf 84' lang='lat'>300</span> <span class='ocrx_word' id='word_1_185' title='bbox 623 3310 749 3376; x_wconf 87' lang='lat' dir='ltr'>obsides</span> <span class='ocrx_word' id='word_1_186' title='bbox 768 3310 930 3375; x_wconf 82' lang='lat' dir='ltr'>mitterent</span> <span class='ocrx_word' id='word_1_187' title='bbox 951 3323 1130 3376; x_wconf 88' lang='lat' dir='ltr'>senatorum</span> <span class='ocrx_word' id='word_1_188' title='bbox 1152 3309 1234 3374; x_wconf 86' lang='lat' dir='ltr'>filios</span> <span class='ocrx_word' id='word_1_189' title='bbox 1256 3310 1335 3375; x_wconf 86' lang='lat' dir='ltr'>intra</span> <span class='ocrx_word' id='word_1_190' title='bbox 1354 3314 1398 3375; x_wconf 83' lang='lat'>30</span> 
     </span>
     <span class='ocr_line' id='line_1_26' title="bbox 334 3420 1400 3514; baseline -0.004 -25"><span class='ocrx_word' id='word_1_191' title='bbox 334 3423 402 3490; x_wconf 88' lang='lat' dir='ltr'>dies</span> <span class='ocrx_word' id='word_1_192' title='bbox 427 3422 626 3511; x_wconf 81' lang='lat' dir='ltr'>Lilybaeum.</span> <span class='ocrx_word' id='word_1_193' title='bbox 664 3421 745 3489; x_wconf 56' lang='lat' dir='ltr'>‘Non</span> <span class='ocrx_word' id='word_1_194' title='bbox 766 3422 833 3487; x_wconf 90' lang='lat' dir='ltr'>sine</span> <span class='ocrx_word' id='word_1_195' title='bbox 853 3446 968 3512; x_wconf 90' lang='lat' dir='ltr'>magna</span> <span class='ocrx_word' id='word_1_196' title='bbox 990 3422 1200 3514; x_wconf 85' lang='lat' dir='ltr'>trepidatione</span> <span class='ocrx_word' id='word_1_197' title='bbox 1222 3421 1301 3487; x_wconf 89' lang='lat' dir='ltr'>haec</span> <span class='ocrx_word' id='word_1_198' title='bbox 1321 3420 1400 3493; x_wconf 84' lang='lat' dir='ltr'>Car-</span> 
     </span>
     <span class='ocr_line' id='line_1_27' title="bbox 333 3535 1399 3627; baseline -0.005 -24"><span class='ocrx_word' id='word_1_199' title='bbox 333 3537 461 3627; x_wconf 88' lang='lat' dir='ltr'>thagine</span> <span class='ocrx_word' id='word_1_200' title='bbox 481 3535 587 3602; x_wconf 89' lang='lat' dir='ltr'>audita</span> <span class='ocrx_word' id='word_1_201' title='bbox 608 3548 697 3616; x_wconf 89' lang='lat' dir='ltr'>sunt,</span> <span class='ocrx_word' id='word_1_202' title='bbox 721 3536 843 3626; x_wconf 90' lang='lat' dir='ltr'>placuit</span> <span class='ocrx_word' id='word_1_203' title='bbox 862 3558 941 3626; x_wconf 87' lang='lat' dir='ltr'>quos</span> <span class='ocrx_word' id='word_1_204' title='bbox 960 3547 1170 3627; x_wconf 89' lang='lat' dir='ltr'>poposcerant</span> <span class='ocrx_word' id='word_1_205' title='bbox 1187 3535 1399 3602; x_wconf 89' lang='lat' dir='ltr'>nobilissimos</span> 
     </span>
     <span class='ocr_line' id='line_1_28' title="bbox 333 3647 1399 3739; baseline -0.003 -24"><span class='ocrx_word' id='word_1_206' title='bbox 333 3651 462 3717; x_wconf 81' lang='lat' dir='ltr'>iuvenes</span> <span class='ocrx_word' id='word_1_207' title='bbox 485 3648 674 3738; x_wconf 76' lang='lat' dir='ltr'>Lilybaeum</span> <span class='ocrx_word' id='word_1_208' title='bbox 694 3649 835 3728; x_wconf 88' lang='lat' dir='ltr'>mittere,</span> <span class='ocrx_word' id='word_1_209' title='bbox 859 3671 937 3739; x_wconf 89' lang='lat' dir='ltr'>quos</span> <span class='ocrx_word' id='word_1_210' title='bbox 959 3650 1133 3716; x_wconf 88' lang='lat' dir='ltr'>tristissimo</span> <span class='ocrx_word' id='word_1_211' title='bbox 1150 3651 1268 3716; x_wconf 87' lang='lat' dir='ltr'>eiulatu</span> <span class='ocrx_word' id='word_1_212' title='bbox 1287 3647 1399 3712; x_wconf 87' lang='lat' dir='ltr'>affines</span> 
     </span>
    </p>
   </div>
   <div class='ocr_carea' id='block_1_5' title="bbox 331 3761 1396 3965">
    <p class='ocr_par' dir='ltr' id='par_1_6' title="bbox 331 3761 1396 3965">
     <span class='ocr_line' id='line_1_29' title="bbox 331 3761 599 3853; baseline 0 -25"><span class='ocrx_word' id='word_1_213' title='bbox 331 3761 491 3853; x_wconf 87' lang='lat' dir='ltr'>prosecuti</span> <span class='ocrx_word' id='word_1_214' title='bbox 515 3775 599 3828; x_wconf 90' lang='lat' dir='ltr'>sunt.</span> 
     </span>
     <span class='ocr_line' id='line_1_30' title="bbox 377 3872 1396 3965; baseline -0.001 -24"><span class='ocrx_word' id='word_1_215' title='bbox 377 3874 505 3941; x_wconf 88' lang='lat' dir='ltr'>Siciliae</span> <span class='ocrx_word' id='word_1_216' title='bbox 525 3872 587 3940; x_wconf 91' lang='lat' dir='ltr'>hoc</span> <span class='ocrx_word' id='word_1_217' title='bbox 605 3896 687 3939; x_wconf 90' lang='lat' dir='ltr'>anno</span> <span class='ocrx_word' id='word_1_218' title='bbox 711 3874 737 3940; x_wconf 89' lang='lat' dir='ltr'>F</span> <span class='ocrx_word' id='word_1_219' title='bbox 739 3873 828 3939; x_wconf 89' lang='lat' dir='ltr'>abins</span> <span class='ocrx_word' id='word_1_220' title='bbox 849 3885 956 3939; x_wconf 90' lang='lat' dir='ltr'>noster</span> <span class='ocrx_word' id='word_1_221' title='bbox 973 3885 1100 3961; x_wconf 89' lang='lat' dir='ltr'>praetor</span> <span class='ocrx_word' id='word_1_222' title='bbox 1120 3886 1202 3954; x_wconf 88' lang='lat' dir='ltr'>erat,</span> <span class='ocrx_word' id='word_1_223' title='bbox 1227 3873 1313 3965; x_wconf 93' lang='lat' dir='ltr'>quod</span> <span class='ocrx_word' id='word_1_224' title='bbox 1334 3875 1396 3941; x_wconf 90' lang='lat' dir='ltr'>eti-</span> 
     </span>
    </p>
   </div>
   <div class='ocr_carea' id='block_1_6' title="bbox 331 3986 1398 4297">
    <p class='ocr_par' dir='ltr' id='par_1_7' title="bbox 331 3986 1398 4297">
     <span class='ocr_line' id='line_1_31' title="bbox 331 3986 1397 4075; baseline -0.002 -21"><span class='ocrx_word' id='word_1_225' title='bbox 331 3990 409 4055; x_wconf 87' lang='lat' dir='ltr'>amsi</span> <span class='ocrx_word' id='word_1_226' title='bbox 445 4011 508 4054; x_wconf 92' lang='lat' dir='ltr'>non</span> <span class='ocrx_word' id='word_1_227' title='bbox 547 3987 663 4052; x_wconf 87' lang='lat' dir='ltr'>diserte</span> <span class='ocrx_word' id='word_1_228' title='bbox 693 3986 812 4053; x_wconf 89' lang='lat' dir='ltr'>indicat</span> <span class='ocrx_word' id='word_1_229' title='bbox 840 3987 1008 4075; x_wconf 89' lang='lat' dir='ltr'>Polybius,</span> <span class='ocrx_word' id='word_1_230' title='bbox 1041 4009 1105 4051; x_wconf 91' lang='lat' dir='ltr'>non</span> <span class='ocrx_word' id='word_1_231' title='bbox 1136 3999 1182 4052; x_wconf 87' lang='lat' dir='ltr'>est</span> <span class='ocrx_word' id='word_1_232' title='bbox 1211 4009 1268 4053; x_wconf 87' lang='lat' dir='ltr'>cur</span> <span class='ocrx_word' id='word_1_233' title='bbox 1300 3987 1397 4052; x_wconf 86' lang='lat' dir='ltr'>dubi·</span> 
     </span>
     <span class='ocr_line' id='line_1_32' title="bbox 332 4098 1398 4190; baseline 0 -23"><span class='ocrx_word' id='word_1_234' title='bbox 332 4115 450 4181; x_wconf 89' lang='lat' dir='ltr'>temus,</span> <span class='ocrx_word' id='word_1_235' title='bbox 475 4125 551 4167; x_wconf 90' lang='lat' dir='ltr'>num</span> <span class='ocrx_word' id='word_1_236' title='bbox 574 4102 657 4167; x_wconf 84' lang='lat' dir='ltr'>forte</span> <span class='ocrx_word' id='word_1_237' title='bbox 674 4098 867 4166; x_wconf 79' lang='lat' dir='ltr'>Servilianos</span> <span class='ocrx_word' id='word_1_238' title='bbox 882 4098 1109 4190; x_wconf 86' lang='lat' dir='ltr'>intelligendus</span> <span class='ocrx_word' id='word_1_239' title='bbox 1127 4102 1182 4179; x_wconf 88' lang='lat' dir='ltr'>sit,</span> <span class='ocrx_word' id='word_1_240' title='bbox 1206 4124 1278 4166; x_wconf 89' lang='lat' dir='ltr'>nam</span> <span class='ocrx_word' id='word_1_241' title='bbox 1300 4100 1398 4168; x_wconf 90' lang='lat' dir='ltr'>huius</span> 
     </span>
     <span class='ocr_line' id='line_1_33' title="bbox 331 4214 1397 4297; baseline 0.001 -18"><span class='ocrx_word' id='word_1_242' title='bbox 331 4216 514 4282; x_wconf 88' lang='lat' dir='ltr'>consulatus</span> <span class='ocrx_word' id='word_1_243' title='bbox 543 4214 582 4282; x_wconf 86' lang='lat' dir='ltr'>ab</span> <span class='ocrx_word' id='word_1_244' title='bbox 612 4214 675 4280; x_wconf 89' lang='lat' dir='ltr'>hoc</span> <span class='ocrx_word' id='word_1_245' title='bbox 704 4218 723 4281; x_wconf 82' lang='lat'><strong>7</strong></span> <span class='ocrx_word' id='word_1_246' title='bbox 731 4264 740 4292; x_wconf 92' lang='lat'>,</span> <span class='ocrx_word' id='word_1_247' title='bbox 769 4214 856 4282; x_wconf 88' lang='lat' dir='ltr'>illius</span> <span class='ocrx_word' id='word_1_248' title='bbox 881 4238 956 4281; x_wconf 76' lang='lat' dir='ltr'>vero</span> <span class='ocrx_word' id='word_1_249' title='bbox 978 4220 1141 4282; x_wconf 76' lang='lat' dir='ltr'>arantum</span> <span class='ocrx_word' id='word_1_250' title='bbox 1162 4215 1397 4297; x_wconf 86' lang='lat' dir='ltr'>ennosdistat,</span> 
     </span>
    </p>
   </div>
   <div class='ocr_carea' id='block_1_7' title="bbox 358 4464 1167 4533">
    <p class='ocr_par' dir='ltr' id='par_1_8' title="bbox 358 4464 1167 4533">
     <span class='ocr_line' id='line_1_34' title="bbox 358 4464 1167 4533; baseline -0.001 -17"><span class='ocrx_word' id='word_1_251' title='bbox 358 4464 377 4531; x_wconf 73' lang='lat'>¹)</span> <span class='ocrx_word' id='word_1_252' title='bbox 395 4464 485 4529; x_wconf 81' lang='lat' dir='ltr'>Polyb.</span> <span class='ocrx_word' id='word_1_253' title='bbox 503 4464 634 4518; x_wconf 73' lang='lat' dir='ltr'>xxxva</span> <span class='ocrx_word' id='word_1_254' title='bbox 654 4472 669 4516; x_wconf 78' lang='lat' dir='ltr'>a</span> <span class='ocrx_word' id='word_1_255' title='bbox 687 4466 700 4530; x_wconf 77' lang='lat' dir='ltr'>y</span> <span class='ocrx_word' id='word_1_256' title='bbox 718 4472 742 4517; x_wconf 85' lang='lat' dir='ltr'>s.</span> <span class='ocrx_word' id='word_1_257' title='bbox 795 4464 815 4533; x_wconf 70' lang='lat'>²)</span> <span class='ocrx_word' id='word_1_258' title='bbox 834 4466 922 4531; x_wconf 76' lang='lat' dir='ltr'>noya</span> <span class='ocrx_word' id='word_1_259' title='bbox 941 4465 1071 4521; x_wconf 79' lang='lat' dir='ltr'>xxxva.</span> <span class='ocrx_word' id='word_1_260' title='bbox 1094 4472 1167 4517; x_wconf 83' lang='lat'>1—3.</span> 
     </span>
    </p>
   </div>
   <div class='ocr_carea' id='block_1_8' title="bbox 0 0 1600 5304">
    <p class='ocr_par' dir='ltr' id='par_1_9' title="bbox 0 0 1600 5304">
     <span class='ocr_line' id='line_1_35' title="bbox 0 0 1600 5304; baseline 0 0"><span class='ocrx_word' id='word_1_261' title='bbox 0 0 1600 5304; x_wconf 95' lang='lat' dir='ltr'> </span> 
     </span>
    </p>
   </div>
  </div>
 </body>
</html>
