3190 5304
781 476 949 520 nausea.

823 696 910 763 xvt.

384 875 458 942 Non
480 877 663 944 laciendum
686 876 811 944 ridetur
828 900 901 942 cum
921 878 1106 944 Briickuero
1117 890 1128 957 ,¹
1147 879 1204 968 qui
1221 878 1328 944 leben
1346 878 1405 944 des

337 990 388 1057 M.
399 989 484 1058 Tull.
499 989 566 1057 Cio.
576 994 603 1059 1.
617 995 679 1058 185
696 991 874 1080 suspicatur
885 990 1071 1059 Ciceronem
1086 1003 1257 1081 patronum
1267 990 1404 1057 adfuisse

338 1103 444 1170 uxoris
460 1105 559 1170 sorori
576 1104 709 1185 Fabiae,
734 1127 835 1195 quum
858 1104 971 1170 incesti
991 1116 1072 1170 esset
1089 1114 1243 1171 accusata.

822 1284 925 1351 XVII.

379 1439 453 1507 Non
483 1443 550 1508 sIne
579 1442 787 1532 ambiguitate
815 1442 938 1532 scripsit
960 1441 1099 1507 Orellius
1123 1442 1293 1509 Onomast.
1315 1441 1400 1507 Tull.

334 1580 368 1646 p.
393 1557 472 1621 199:
500 1555 563 1622 »L.
586 1553 775 1622 Cornificius
794 1556 946 1623 Milonem
966 1556 1083 1621 iterum
1103 1557 1263 1621 accusarit
1283 1554 1322 1620 de
1342 1557 1402 1636 ri’,

214 1720 218 1728 .
333 1690 408 1733 nam
432 1691 530 1757 quum
554 1666 745 1734 Cornificius
762 1668 892 1760 petebat
909 1669 1082 1749 Milonem,
1104 1667 1190 1759 apud
1208 1668 1245 1734 L.
1263 1668 1401 1735 Fabium

335 1794 450 1872 quarto
469 1782 501 1846 in
519 1782 569 1848 ius
585 1784 774 1861 vocabatur,
795 1804 877 1872 quae
900 1781 962 1848 luit
982 1780 1079 1847 altera
1099 1781 1259 1846 accusatio
1281 1781 1321 1847 de
1343 1782 1383 1849 rI.

813 1961 932 2027 XVIII.

377 2119 590 2210 Improbanda
608 2132 655 2186 est
670 2120 768 2199 ratio,
783 2143 820 2186 ex
836 2142 899 2210 qna
917 2117 1100 2209 Nipperdey
1119 2120 1152 2183 iu
1170 2119 1303 2186 edendis
1321 2118 1401 2187 Cae-

334 2233 409 2299 saris
433 2234 669 2299 commentariis
696 2232 833 2298 eundem
862 2230 899 2298 C.
919 2232 1056 2298 Fabium
1078 2231 1203 2298 codices
1223 2256 1330 2324 presse
1350 2256 1399 2299 se-

333 2357 426 2411 cutus
449 2345 572 2412 Gaium
590 2345 719 2424 dixerit,
736 2367 846 2410 rerum
865 2356 976 2410 contra
988 2345 1115 2410 codices
1130 2342 1246 2410 Caium
1258 2345 1291 2410 In
1302 2345 1343 2411 B.
1359 2344 1400 2412 G.

335 2458 421 2525 VIII.
442 2460 502 2536 24,
522 2462 575 2538 27,
596 2462 657 2535 54,
680 2458 724 2524 B.
748 2456 782 2523 C.
806 2457 831 2523 I.
851 2461 906 2536 37,
927 2460 987 2535 40,
1008 2459 1061 2522 43.

829 2636 915 2705 xlx.

379 2795 452 2862 Non
479 2807 623 2886 pugnant
651 2795 735 2860 inter
762 2818 795 2860 se
825 2817 908 2884 quae
938 2791 1053 2860 Caesar
1082 2794 1124 2859 B.
1155 2791 1189 2860 C.
1210 2797 1234 2858 I.
1256 2799 1316 2874 40,
1339 2796 1399 2862 Dio

336 2907 459 2975 Cassius
478 2908 561 2975 XLI.
581 2913 624 2976 20
644 2921 675 2973 et
695 2908 860 2999 Appianus
879 2908 922 2973 B.
945 2905 979 2972 C.
1001 2909 1040 2972 Il.
1062 2910 1124 2985 42,
1145 2911 1186 2972 43
1209 2908 1340 2973 tradunt
1361 2909 1401 2975 de

335 3022 447 3101 clade,
470 3044 532 3112 qua
554 3021 720 3089 Petronius
740 3021 844 3086 all'ecit
863 3018 940 3085 duas
961 3019 1116 3085 Fabianus
1137 3020 1294 3110 legiones,
1319 3045 1400 3111 quae

336 3134 395 3200 sub
415 3136 450 3200 L.
472 3135 590 3200 Planco
609 3134 745 3201 Sicorim
760 3133 950 3222 pabulatum
971 3131 1175 3210 transierant,
1193 3154 1272 3222 quas
1289 3132 1323 3199 C.
1339 3134 1400 3199 Fa·

335 3251 407 3318 hius
429 3248 570 3315 subsidio
589 3250 683 3316 misso
702 3246 847 3312 servarit.

834 3428 903 3493 XX.

382 3589 418 3657 C.
449 3587 566 3655 Fabius
594 3585 735 3654 Caesaris
765 3586 887 3676 legatus
915 3581 1142 3672 intelligendus
1169 3582 1294 3649 ridetur
1315 3559 1425 3676 apud.

336 3704 520 3771 Ciceronem
549 3701 598 3765 aul
625 3702 698 3766 Art.
725 3699 792 3764 Vll.
814 3705 834 3764 3
856 3701 873 3784 ᾗ
895 3703 915 3762 3
936 3719 1062 3761 necnon
1085 3696 1168 3762 vul.
1191 3700 1210 3763 3
1234 3701 1251 3783 §
1273 3704 1304 3778 7,
1325 3721 1401 3789 ergo

335 3819 399 3883 hoc
426 3817 498 3881 loco
524 3836 586 3878 non
606 3811 775 3902 legendum
796 3824 842 3878 est
861 3811 1027 3889 Fadium,
1052 3810 1140 3901 quod
1163 3810 1303 3878 Orellius
1323 3837 1400 3904 pro-

336 3932 446 4024 ponit,
466 3927 607 4018 cogitans
622 3925 661 3992 de
673 3925 715 3992 Μ.
729 3925 828 3991 Fadio
840 3925 948 4004 Gallo,
971 3924 1083 3992 Onam.
1097 3925 1183 3992 Tull.
1196 3929 1261 3993 245
1279 3939 1311 3991 et
1323 3930 1399 3994 249.

828 4105 913 4173 ΧΧΙ.

381 4269 419 4354 Q.
449 4269 565 4335 Fabius
595 4265 809 4356 Vergilianus,
840 4265 896 4355 qui
925 4265 1062 4330 occurrit
1091 4263 1177 4355 apud
1210 4263 1400 4331 Ciceronem

335 4383 384 4448 od
403 4385 489 4477 som.
514 4383 570 4448 Ill.
592 4386 613 4447 3
634 4384 652 4466 §
673 4384 709 4459 1,
735 4383 754 4444 4
776 4382 793 4464 §
817 4382 832 4446 1
855 4402 919 4444 non
939 4378 1065 4448 ridetur
1082 4377 1311 4470 intelligendus
1331 4402 1399 4446 esse

337 4497 369 4561 iu
390 4494 522 4586 epistola
539 4494 588 4561 ed
605 4495 677 4561 Art.
699 4491 787 4560 VIII.
809 4494 847 4559 11
873 4491 907 4558 Α.
