3210 5300
314 440 375 502 358
555 461 584 510 o.
605 459 706 504 auarus
727 461 755 512 o.
777 461 805 503 r.
826 461 854 511 o.
877 461 904 506 u.
926 460 1057 505 urricus
1077 440 1151 523 (at).

321 648 450 726 praetor
469 635 571 703 faetus
590 649 652 716 est,
671 638 723 703 cui
746 637 861 729 Apulia
879 638 1043 730 prouincia
1062 638 1209 718 obvenit,
1232 638 1266 704 iu
1286 660 1385 729 quam

324 749 430 816 statim
445 773 518 829 curu
538 750 661 816 duabus
680 750 859 841 legionibus
873 752 1036 843 profectus
1052 763 1099 818 est
1114 765 1142 831 ¹,
1160 774 1223 842 quo
1242 763 1389 842 tempore

323 862 486 927 Hannibal
507 860 712 953 Campaniam
732 874 845 952 petens
863 862 966 953 Arpos
984 862 1149 953 reliquisse
1169 863 1389 931 nuntiabatur.

324 973 533 1066 Sempronius
559 997 619 1067 pro
645 976 776 1043 consule
799 975 946 1066 Apuliam
967 987 1129 1055 tenuerat,
1150 976 1208 1066 qui
1225 978 1390 1044 Beneven-

323 1099 396 1153 tum
426 1089 533 1179 copias
560 1089 722 1168 admovit,
756 1101 791 1154 ut
819 1089 1006 1156 Hannibalis
1031 1088 1064 1154 iu
1095 1088 1301 1179 (lampuniam
1328 1091 1392 1158 iter

324 1203 511 1294 impediret3
541 1215 618 1269 tunc
638 1203 812 1284 Maximus,
842 1203 899 1294 qui
918 1203 1039 1269 Romae
1058 1201 1163 1269 adhuc
1182 1202 1326 1293 degerat,
1349 1202 1392 1269 ad

326 1317 501 1383 exercitum
532 1317 626 1384 rediit
648 1329 682 1397 ²,
710 1330 742 1385 et
762 1317 930 1383 Luceriam
950 1315 1096 1385 Graccho
1115 1316 1285 1383 succedere
1301 1316 1394 1382 iussit

329 1428 367 1513 Q.
396 1428 533 1495 Fabium
568 1439 766 1519 praetorem,
800 1433 834 1495 is
854 1428 957 1517 filius
986 1430 1133 1495 consulis
1159 1437 1258 1506 erat,·
1291 1428 1396 1497 lectur

325 1543 421 1608 nimis
448 1541 623 1608 benevolus
654 1554 741 1608 recte
766 1541 847 1608 haec
871 1541 968 1608 rerba
992 1539 1173 1632 adscripsit,
1197 1540 1338 1607 sednon
1358 1541 1394 1607 in

326 1667 450 1722 textum
480 1667 547 1721 erat
575 1653 759 1745 recipienda
787 1657 845 1721 ista
874 1654 1054 1734 annotatio,
1084 1677 1147 1744 qua
1172 1653 1305 1720 omniuo
1327 1677 1393 1720 non

331 1788 410 1857 opus
432 1778 497 1846 est,
519 1767 587 1857 ipse
607 1766 716 1832 Livius
736 1787 831 1856 supra
849 1765 1035 1831 affinitatem
1058 1764 1267 1845 indicaverat,
1291 1777 1323 1832 et
1342 1766 1395 1834 hic

326 1900 426 1945 nexus
453 1878 526 1944 satis
542 1879 729 1969 perspicuus
746 1879 870 1947 nullam
887 1878 1021 1969 praebet
1040 1877 1280 1958 difficultatem,
1304 1882 1394 1972 atqui

329 2003 530 2081 expungatur
552 1991 698 2059 scholion
722 1991 819 2059 istud.

374 2105 537 2196 Perpauca
568 2105 608 2172 de
635 2106 703 2173 eius
729 2105 825 2172 rebus
850 2103 943 2194 gestis
966 2103 1189 2184 innotuerunt,
1213 2127 1273 2171 uec
1294 2107 1397 2175 multa

331 2241 406 2284 eum
438 2219 569 2309 gessisse
599 2219 711 2298 eredo,
742 2243 817 2285 nam
848 2218 973 2286 Poenus
998 2215 1096 2282 modo
1125 2219 1158 2283 in
1191 2217 1397 2309 Campaniam

332 2331 464 2398 abierat.
512 2331 634 2400 Statius
659 2332 698 2399 ad
727 2332 891 2399 Ardoneas
914 2332 1124 2396 communivit
1147 2341 1177 2409 ³,
1199 2312 1396 2398 Herdonium

329 2443 475 2535 intelligo
491 2444 526 2511 in
545 2445 676 2536 Apulia,
700 2447 850 2537 cepitque
871 2444 1031 2524 Accuam,
1055 2444 1117 2509 nisi
1138 2456 1173 2510 ut
1193 2458 1313 2535 supra⁴
1331 2446 1396 2511 iam

332 2556 398 2625 dixi
418 2558 518 2624 Aeone
535 2558 764 2648 intelligendae
783 2559 862 2638 sint,
880 2581 957 2648 quas
974 2556 1010 2642 Q.
1022 2556 1138 2623 Fabius
1157 2559 1268 2627 consul
1281 2581 1397 2650 nempe

330 2669 395 2737 hoc
419 2694 504 2736 enno
523 2673 644 2761 cepisse
667 2671 784 2751 fertur,
807 2671 932 2737 etiamsi
949 2671 984 2735 in
1006 2669 1136 2736 Samnio
1156 2682 1280 2737 tantum
1301 2670 1399 2762 dege·

331 2785 385 2849 rit.
429 2782 573 2872 Degcbat
597 2795 705 2851 noster
722 2783 830 2851 adbuc
847 2785 881 2851 in
900 2783 1033 2875 Apulia,
1055 2783 1168 2851 consul
1188 2807 1288 2875 quum
1308 2807 1399 2852 crea·

333 2908 385 2962 tus
404 2907 461 2962 est.

696 3030 713 3113 §
739 3032 769 3095 4.
819 3024 944 3094 Consul
965 3027 1042 3092 541.
1133 3074 1150 3117 ,¹

541 3162 567 3226 Q.
586 3162 687 3210 Fletus
706 3164 732 3228 Q.
753 3165 776 3213 F.
796 3165 823 3229 Q
843 3165 871 3213 N.
889 3162 1021 3211 MAXIMUS
1038 3159 1058 3212 ⁵.

538 3247 576 3296 Tl.
594 3247 771 3298 suutucttttts
789 3250 827 3298 Tl.
846 3250 870 3298 F.
888 3248 926 3297 Tl.
945 3248 972 3297 tt.
990 3246 1135 3295 GRACCHUS
1154 3249 1187 3297 ll.

382 3344 560 3413 Consules⁸
580 3346 685 3412 statim
702 3345 838 3412 Romam
854 3345 993 3411 arcessiti
1010 3346 1229 3436 magistratum
1246 3346 1401 3429 inierunt,

336 3472 368 3525 et
396 3458 549 3549 prodigiis
578 3460 639 3526 rite
670 3462 847 3550 procuratis
877 3458 911 3524 iu
940 3458 1121 3549 provincias
1147 3458 1285 3550 proiecti
1312 3474 1403 3543 suut,

337 3571 544 3663 Sempronius
564 3573 597 3638 in
618 3572 781 3653 Lucanos,
804 3572 922 3638 Fabius
941 3573 975 3638 in
995 3571 1154 3662 Apuliam.

383 3685 449 3752 lter
468 3685 588 3752 faciens
609 3684 791 3752 Suessulam
812 3687 845 3751 in
866 3698 967 3752 castra
990 3686 1093 3765 venit,
1113 3685 1169 3751 ubi
1189 3688 1404 3779 norasoopias

340 3800 496 3889 suscepit,
514 3801 644 3890 opinor3
667 3798 720 3865 hio
739 3812 830 3890 pater
851 3800 917 3866 eius
938 3800 1062 3890 legatus
1082 3799 1122 3866 ad
1141 3799 1246 3867 lilium
1265 3803 1351 3868 venit
1373 3813 1417 3882 ⁷,

340 3915 481 4004 quiquo
500 3913 598 3980 modo
618 3938 636 3979 a
655 3914 724 3980 filio
742 3926 904 4003 susceptus
924 3913 1034 3993 fuerit,
1058 3936 1151 4004 supra
1173 3927 1186 3967 ⁸
1209 3915 1356 3983 vidimus.

374 4170 394 4237 ι)
411 4171 627 4223 usaxxrvnr.
661 4168 682 4237 τ)
699 4173 869 4228 mxxiv.
883 4180 922 4225 η.
956 4173 977 4244 5)
991 4176 1159 4229 maxxrv.
1170 4181 1212 4228 so.
1245 4175 1266 4243 6)
1281 4175 1388 4241 creap.
1399 4191 1420 4230 v

340 4260 355 4321 ξ
368 4263 397 4306 12
412 4257 580 4316 huiuaLibri‚
599 4273 622 4322 p.
633 4262 692 4308 330.
754 4256 774 4324 ⁵)
792 4259 831 4310 Cl.
841 4261 962 4325 Quadrig.
972 4263 1012 4313 VI
1025 4278 1064 4325 ap.
1074 4260 1140 4312 Gall.
1149 4262 1188 4311 ΙΙ.
1199 4268 1214 4310 2
1222 4284 1229 4322 3
1243 4262 1301 4312 Liv.
1310 4262 1420 4314 XXIV.

339 4349 386 4400 43;
411 4341 471 4393 Val.
489 4342 561 4391 Mux-
579 4343 615 4392 Π.
635 4347 658 4393 2.
678 4349 695 4393 4
702 4364 710 4403 ;
727 4344 796 4395 Plnt.
814 4343 876 4395 Fab.
895 4352 942 4405 243
965 4345 1092 4404 Cassiod.;
1116 4346 1169 4397 An.
1186 4346 1262 4405 Nom
1279 4346 1349 4397 Fani.
1364 4347 1420 4399 Sic.

338 4425 359 4491 6)
376 4427 434 4476 nav.
452 4426 557 4477 xxrv.
575 4430 687 4478 «sa-u.
738 4427 759 4495 ⁷)
776 4428 1223 4495 ct.Quadrtg.V1ap.Ga11.11.s;
1241 4432 1298 4482 mv.
1311 4431 1422 4486 xxiv.

339 4511 868 4576 44;Va1.trsx.11.r.4;classense.
902 4513 923 4586 Β)
941 4516 1421 4586 cf.cap.vorauuinsmsrt,p.at².
