3154 5294
275 456 337 538 53.
349 454 697 517 nucarosummosbbss.
714 453 775 536 54.
787 454 1005 528 rnuur0n665,
1017 471 1143 516 rasura.
1190 457 1247 518 155

226 649 316 733 Quae
343 648 453 713 Lirius
479 648 518 713 do
541 670 658 715 corona
679 648 733 713 illa
755 647 860 727 addit,
885 661 1032 715 accurata
1052 648 1245 740 respondent

186 762 320 830 solemni
347 762 539 828 Graecorum
560 762 661 842 mori,
690 763 747 852 qui
766 762 909 828 coronati
933 771 941 809 ¹
969 773 1095 827 tantum
1114 761 1246 827 adibant

184 874 260 942 deos
288 887 321 940 et
347 875 557 942 consulebant
590 875 727 942 oracula.
774 875 860 941 Hinc
885 876 1030 965 sequitur
1053 874 1137 940 hano
1159 876 1246 966 lega·

183 989 300 1054 tionem
319 1010 353 1053 re
376 1010 446 1053 vera
466 986 599 1079 Delphis
620 1010 686 1054 esse
703 1010 876 1067 reversam,
899 990 963 1053 imo
981 988 1117 1079 primam
1135 987 1247 1065 fuisse,

182 1123 264 1191 quae
282 1100 463 1192 Apollinem
475 1100 670 1192 Delphicum
691 1100 822 1180 adierit,
846 1082 932 1190 quod
956 1100 1060 1165 sinon
1082 1111 1177 1177 esset,
1198 1123 1247 1166 se·

182 1225 273 1279 natus
299 1214 375 1278 talia
393 1236 459 1279 non
483 1214 593 1281 fuisset
624 1213 805 1292 docendus,
828 1236 902 1279 nam
922 1212 963 1279 de
982 1236 1071 1279 more
1091 1213 1149 1278 ista
1171 1236 1246 1304 per·

180 1338 250 1392 acta
278 1338 382 1393 essent
411 1339 444 1392 et
466 1329 629 1394 notissima
649 1328 793 1394 fuissent.
842 1327 915 1394 lloo
932 1337 1157 1417 argumentum
1180 1338 1247 1391 tor·

180 1441 272 1530 queri
302 1452 408 1531 potest
437 1453 547 1506 contra
566 1441 744 1507 fabulosam
765 1439 955 1532 Delphicam
974 1440 1166 1530 legationem
1186 1438 1245 1505 sub
1348 1480 1354 1491 ·

182 1553 355 1643 Tarquinio
384 1552 546 1644 Superbo,
579 1577 705 1620 necnon
734 1566 845 1620 contra
874 1554 1006 1620 alteram
1028 1554 1103 1618 anni
1124 1556 1190 1619 357
1214 1551 1246 1614 in

181 1664 311 1738 Camilli
332 1665 473 1732 historia.

407 1823 424 1906 §
452 1823 481 1887 4.
533 1820 696 1910 [Praetor
721 1825 804 1900 565,
816 1821 949 1911 flamen
975 1822 1014 1910 ².]

224 2000 341 2092 Neque
360 2000 423 2067 boc
442 2002 634 2081 sacerdotio,
649 2025 755 2093 neque
772 2002 830 2068 illo
846 2025 979 2069 munere
997 2003 1154 2071 Pictorem
1173 2026 1247 2068 nos·

179 2127 266 2180 trum
293 2137 361 2181 esse
387 2115 535 2182 functum
557 2116 653 2182 facile
673 2116 828 2181 arincam.
876 2116 1100 2183 Lachmannus
1120 2130 1133 2168 ³
1154 2138 1248 2208 prae·

178 2240 284 2293 turam
305 2228 381 2292 anni
402 2231 466 2294 565
488 2227 606 2311 Quinto
626 2239 735 2293 nostro
753 2228 884 2307 tribuit,
908 2229 971 2293 aosi
991 2229 1062 2318 quis
1089 2234 1132 2296 30
1157 2230 1247 2293 annis

176 2354 252 2433 post
283 2352 485 2431 quaesturam
511 2341 729 2431 sexagenarius
752 2341 849 2429 igitur
867 2340 930 2406 boc
950 2340 1072 2407 honore
1093 2341 1248 2431 fungere-

177 2428 251 2534 tiu3
275 2454 355 2520 alius
379 2455 441 2520 fuit
467 2454 604 2538 Quintus
628 2454 684 2520 ille
708 2454 813 2518 Pictor
838 2455 910 2542 (41)
938 2467 960 2520 ⁴.

227 2569 398 2660 Perperam
425 2582 533 2634 nostro
559 2568 697 2633 flaminis
723 2567 935 2633 sacerdotium
956 2566 1038 2633 banc
1059 2567 1100 2633 ob
1120 2589 1246 2632 causam

177 2681 296 2760 tribui,
331 2682 392 2746 iam
415 2681 491 2746 olim
517 2680 646 2747 Vossius
671 2694 684 2732 ⁵
714 2679 960 2759 demonstrarit,
984 2703 1057 2746 nam
1087 2680 1172 2746 idem
1192 2681 1247 2746 ille

178 2806 308 2885 praetor
337 2816 374 2858 ac
399 2794 516 2859 flamen
538 2792 615 2871 fuit,
639 2805 779 2859 attamen
805 2792 966 2884 Rupertus
993 2792 1074 2858 illud
1095 2795 1129 2857 in
1150 2805 1248 2858 stem-

178 2919 264 2972 mate
300 2906 498 2985 decantarit,
538 2928 663 2971 necnon
701 2905 942 2985 lachmannus3
977 2906 1130 2971 Krausius
1164 2915 1177 2954 ⁸
1216 2917 1249 2970 et

177 3019 393 3108 Baumgarten
414 3031 588 3109 negarunt,
607 3018 661 3084 sed
687 3019 818 3085 Fischer
848 3033 861 3070 ⁷
889 3019 1077 3100 dubitabat,
1107 3019 1247 3110 denique

179 3130 341 3198 Dedericlr
372 3145 384 3183 θ
415 3132 454 3197 de
484 3155 567 3197 noro
595 3154 734 3197 errorem
761 3132 938 3221 redarguit,
971 3133 1094 3198 etiamsi
1122 3156 1172 3198 res
1201 3145 1249 3198 est

177 3244 424 3335 simplicissima.
457 3244 592 3311 Lirius⁹
612 3268 729 3336 nempe
751 3268 834 3311 anno
854 3249 918 3310 587
939 3245 1034 3311 tradit
1056 3245 1092 3328 Q.
1111 3245 1248 3310 Fabium

180 3358 338 3423 Pictorem
360 3357 522 3422 flaminem
546 3357 743 3441 Quirinalem
766 3371 929 3423 mortuum
956 3380 1042 3436 esse,
1071 3359 1160 3447 atqui
1181 3356 1247 3423 his·

182 3472 319 3551 toricus,
343 3471 387 3536 sic
407 3471 460 3536 isti
479 3471 725 3550 ratiocinantur,
746 3473 799 3536 cui
818 3470 929 3537 itidem
951 3470 1062 3554 Quinti
1085 3482 1132 3536 est
1152 3493 1247 3561 prae·

180 3605 315 3662 nomen,
349 3583 427 3648 obiit
453 3583 624 3650 bocauna
652 3597 684 3650 et
712 3586 829 3650 llamen
855 3584 917 3649 luit
945 3583 1125 3666 Quirinalis.
1172 3583 1247 3649 Nou

181 3697 225 3762 ita
252 3709 315 3776 est,
345 3719 417 3763 nam
449 3696 585 3780 Quintus
613 3698 668 3763 ille
697 3697 838 3764 diversus
867 3710 913 3764 cst
940 3698 981 3762 ab
1009 3696 1176 3776 historico,
1200 3709 1247 3763 est

180 3809 265 3876 idem
284 3810 340 3875 ille
357 3811 489 3889 flamen,
513 3810 552 3876 de
573 3833 638 3902 quo
659 3810 767 3876 Livius
785 3810 882 3876 modo
897 3823 926 3862 ¹⁰
949 3823 1022 3876 ante
1041 3823 1166 3899 egerat,
1190 3810 1247 3875 ubi

178 3921 220 3988 de
242 3924 311 3989 eius
328 3935 475 4014 praetura
494 3924 569 3989 anni
591 3926 655 3989 565
676 3923 843 3990 scribebat.
884 3922 970 3988 B'tlrr
996 3944 1047 3989 eos
1073 3922 1156 3988 bene
1178 3922 1245 3988 dis·

211 4178 231 4245 ¹)
248 4182 330 4231 Thac.
347 4182 397 4232 IV.
415 4189 463 4241 30;
481 4180 601 4245 Xenoph.
619 4176 698 4231 aaa.
716 4182 780 4232 VII.
797 4197 816 4231 1.
844 4188 891 4242 4⁰3
920 4179 978 4249 ΟΨ.
996 4184 1047 4233 III.
1065 4197 1103 4232 ru.
1122 4190 1168 4245 343
1192 4186 1253 4235 Eur.

175 4261 215 4314 Io.
225 4271 288 4325 522,
302 4268 432 4331 Aristopb.
443 4264 511 4316 Plut.
522 4272 567 4327 20,
582 4267 666 4331 ibique
676 4266 761 4316 Schol.
822 4263 842 4333 ²)
859 4266 916 4317 Liv.
928 4268 1073 4320 XXXVII.
1085 4274 1131 4330 ct,
1148 4276 1195 4330 50,
1211 4275 1253 4319 51.

176 4345 464 4415 ³)Desmr.Lr'o.11.
487 4355 526 4400 14.
587 4349 607 4415 6)
625 4351 1013 4416 etcep.v§1hniusLibrt
1071 4352 1094 4420 5)
1111 4353 1179 4404 Hier.
1193 4352 1253 4403 [Art.

177 4428 234 4484 Lar.
255 4440 294 4485 lo.
365 4433 385 4503 6)
407 4432 458 4484 Vir.
479 4443 503 4484 er
519 4435 616 4501 fragm.
634 4434 688 4486 tiss.
712 4433 783 4486 Rom.
807 4442 849 4487 40.
918 4435 939 4504 ⁷)
957 4437 1028 4489 Rom.
1053 4437 1128 4489 zeirr.
1150 4456 1174 4507 p.
1193 4442 1252 4491 474.

177 4514 199 4583 Β)
217 4516 305 4586 Progr.
325 4518 401 4571 Eous.
420 4537 444 4586 p.
464 4524 489 4569 2.
540 4518 561 4588 9)
579 4521 637 4573 XL.
656 4528 681 4573 4.
732 4519 995 4589 ¹⁰Jxxxv11.47,
1015 4530 1062 4590 50,
1082 4529 1124 4575 51.
1248 4529 1251 4535 “
