3190 5304
656 446 823 491 rursus.
1212 431 1280 493 455

204 637 425 695 »sectatorum
457 650 474 690 a
504 625 625 718 populo
651 630 834 715 antequam
863 626 944 699 est'';
968 647 1006 691 ex
1028 625 1124 691 unlco
1143 624 1183 691 de
1208 624 1268 691 hac

204 740 275 830 Iege
303 739 485 808 testimonio
512 740 598 832 apud
626 738 813 806 Ciceronem
828 760 897 831 pro
918 736 1013 806 Mur.
1035 743 1079 815 34
1100 741 1118 825 §
1139 741 1203 819 70,
1225 744 1266 807 71

205 867 337 945 apparet
356 877 441 921 anno
459 857 527 927 691
545 854 629 920 hanc
648 854 752 944 legem
771 855 934 930 valuisse,
958 851 1011 918 cui
1031 853 1182 921 Murenae
1202 870 1270 919 sec·

206 978 323 1033 totores
346 972 559 1047 restiterunt,
583 966 616 1031 id
636 977 699 1033 est:
722 966 827 1056 legem
848 976 1087 1031 contemnentes
1108 987 1183 1056 prae
1202 986 1270 1030 sec-

206 1077 296 1144 tandi
325 1078 430 1144 officio
449 1080 614 1146 Murenam
636 1083 779 1144 assectati
798 1090 881 1143 sunt.

676 1255 809 1325 XXXII.

250 1416 369 1507 Legem
391 1417 539 1497 Fabiam,
558 1440 672 1509 »quae
691 1429 758 1484 erut
777 1415 818 1482 de
836 1422 1270 1498 numeroseotatorum’',oa·

206 1531 285 1597 sisse
315 1531 355 1598 de
384 1534 471 1599 omni
499 1533 672 1624 petitorum
697 1532 871 1610 comitato,
894 1529 1006 1596 saltem
1026 1528 1066 1596 de
1085 1532 1271 1598 nomencla-

207 1644 346 1724 toribus,
380 1657 415 1711 ut
446 1646 626 1736 suspicetur
655 1645 737 1711 Ilein
765 1646 799 1710 in
824 1645 950 1733 Pouly's
971 1643 1108 1733 Eurycl.
1132 1644 1169 1714 V.
1190 1648 1271 1725 680,

205 1780 270 1824 nou
295 1755 402 1821 eredo.

664 1880 815 1948 XXXIII.

162 2036 170 2050 “
250 2025 357 2092 Dubio
373 2049 438 2092 nou
455 2037 545 2091 vacat
560 2022 647 2115 quod
664 2022 854 2090 Plutarchus
872 2023 968 2090 tradit
978 2025 1012 2089 in
1022 2029 1094 2090 vita
1110 2024 1183 2092 Cat.
1195 2006 1273 2094 min.

206 2143 227 2205 8
246 2140 348 2206 solum
371 2137 526 2205 Catonem
548 2138 652 2228 legem
672 2148 783 2204 eontra
802 2138 1057 2204 nomenclatores
1079 2139 1271 2220 observasse,
1338 2151 1341 2157 '

206 2276 307 2343 quum
327 2252 526 2318 tribunatum
547 2252 687 2318 militum
705 2251 843 2342 petebat.

668 2407 814 2476 XXXIV.

253 2545 389 2630 Quinam
406 2569 423 2612 e
440 2545 547 2612 llabiis
563 2545 674 2612 tulerit
689 2546 794 2636 Iegem
813 2546 943 2612 Fabiam
959 2547 999 2612 de
1010 2547 1170 2638 plagiariis
1181 2548 1272 2639 iguo-

206 2681 331 2739 ramus‚
356 2657 410 2725 sed
432 2657 568 2723 absurde
587 2658 664 2723 olim
685 2656 876 2724 credebatur
896 2656 956 2723 sub
972 2659 1100 2747 regibus
1120 2682 1190 2725 eam
1207 2684 1273 2727 esse

153 2808 160 2825 ·
207 2773 325 2851 latam,
363 2783 396 2836 et
421 2770 512 2836 nullo
537 2770 650 2836 nititur
677 2770 888 2837 fundamento
916 2769 1072 2837 Graviore
1098 2772 1206 2863 opinio
1232 2774 1272 2840 de

211 2884 248 2969 Q.
269 2884 370 2951 Fabio
390 2883 540 2951 Labeone
561 2884 633 2974 (41)
655 2883 918 2975 cogitante301c
932 2909 1002 2976 pro
1025 2882 1155 2953 altae.
1168 2890 1219 2972 3§
1236 2890 1274 2967 8;

206 2999 283 3063 lust.
312 2995 400 3061 Inst.
431 2994 485 3061 IV.
519 2999 560 3063 ts
589 2999 607 3082 §
640 2999 700 3077 103
732 2996 804 3086 Dig.
833 2997 873 3064 de
902 2997 974 3089 lege
999 2998 1100 3064 Fabia
1124 2998 1164 3065 de
1185 3000 1272 3091 plag.

210 3109 368 3196 (XLVIII.
400 3109 473 3198 15);
504 3105 582 3175 eod.
611 3108 732 3176 Theod.
763 3109 877 3177 eodem
908 3110 1072 3201 (IX.18);
1098 3110 1176 3179 eod.
1197 3116 1273 3181 lust.

208 3204 322 3290 eodem
345 3222 413 3312 (IX.
433 3219 507 3309 20);
532 3221 622 3287 Pauli
645 3221 736 3290 Sent.
758 3223 794 3289 V.
816 3227 859 3289 30
880 3222 912 3290 b.

677 3402 807 3470 XXXV.

255 3560 450 3654 Recipieuda
467 3572 514 3626 est
530 3561 661 3627 omnino
680 3558 806 3627 Pithoei
822 3559 1004 3628 emendatio
1020 3563 1053 3627 in
1073 3562 1164 3628 Pauli
1181 3562 1272 3632 Sem.

208 3676 246 3744 V.
276 3679 320 3741 30
344 3675 375 3740 b.
403 3675 452 3740 od
476 3675 578 3765 legem
606 3673 748 3740 Febrem
770 3676 789 3760 §
812 3677 826 3738 l
849 3686 908 3740 net
930 3674 1008 3740 olim
1028 3675 1159 3767 quidem
1178 3675 1272 3744 huius

210 3787 319 3878 »legis
346 3809 450 3878 poena
477 3791 668 3853 nummaria
698 3786 789 3867 fuir',
815 3810 874 3878 pro
894 3801 1045 3880 corrupto
1066 3796 1272 3873 summaria,

211 3924 307 3992 quam
322 3923 461 3992 poenam
477 3900 692 3991 pecuniariam
710 3899 789 3966 dixit
804 3900 1077 3991 Hermogeniauus
1088 3903 1108 3970 l.
1120 3908 1149 3971 7.
1161 3904 1199 3975 lt.
1210 3905 1239 3973 lr.
1252 3915 1272 3973 t.

672 4192 820 4261 XXXVI.

256 4352 350 4445 dpud
367 4351 573 4420 Plutarchum
590 4353 623 4417 in
640 4358 712 4418 nito
728 4352 811 4419 Feb.
824 4352 924 4422 Mox.
942 4356 975 4419 1:
999 4354 1072 4420 Ἐπὶ
1090 4356 1141 4421 τὸν
1156 4355 1275 4437 Φάβιον

205 4469 262 4543 clv
292 4467 427 4551 inrapiat
454 4463 730 4548 μεταγάγωμεν.
778 4468 924 4551 Νυμφῶν
949 4466 1272 4549 μιᾶς1.έγουσιν,οἱ
