<?xml version="1.0" encoding="UTF-8"?>
<!DOCTYPE html PUBLIC "-//W3C//DTD XHTML 1.0 Transitional//EN"
    "http://www.w3.org/TR/xhtml1/DTD/xhtml1-transitional.dtd">
<html xmlns="http://www.w3.org/1999/xhtml" xml:lang="en" lang="en">
 <head>
  <title>
</title>
<meta http-equiv="Content-Type" content="text/html;charset=utf-8" />
  <meta name='ocr-system' content='tesseract 3.04.00' />
  <meta name='ocr-capabilities' content='ocr_page ocr_carea ocr_par ocr_line ocrx_word'/>
</head>
<body>
  <div class='ocr_page' id='page_1' title='image "./disputatiodegen00servgoog_0114.png"; bbox 0 0 3154 5294; ppageno 0'>
   <div class='ocr_carea' id='block_1_1' title="bbox 226 473 1225 558">
    <p class='ocr_par' dir='ltr' id='par_1_1' title="bbox 226 473 1225 558">
     <span class='ocr_line' id='line_1_1' title="bbox 226 473 1225 558; baseline 0.001 -23"><span class='ocrx_word' id='word_1_1' title='bbox 226 493 254 537; x_wconf 79' lang='lat' dir='ltr'><strong>rs.</strong></span> <span class='ocrx_word' id='word_1_2' title='bbox 266 473 776 557; x_wconf 69' lang='lat' dir='ltr'><strong>rsnrusranemssoomosssot</strong></span> <span class='ocrx_word' id='word_1_3' title='bbox 795 474 857 558; x_wconf 67' lang='lat'><strong>51.</strong></span> <span class='ocrx_word' id='word_1_4' title='bbox 875 493 953 538; x_wconf 83' lang='lat' dir='ltr'><strong>rora.</strong></span> <span class='ocrx_word' id='word_1_5' title='bbox 965 493 1026 538; x_wconf 84' lang='lat' dir='ltr'><strong>rna.</strong></span> <span class='ocrx_word' id='word_1_6' title='bbox 1038 474 1144 538; x_wconf 61' lang='lat' dir='ltr'><strong>tote.</strong></span> <span class='ocrx_word' id='word_1_7' title='bbox 1184 474 1225 536; x_wconf 76' lang='grc'><strong>99</strong></span> 
     </span>
    </p>
   </div>
   <div class='ocr_carea' id='block_1_2' title="bbox 150 667 1217 876">
    <p class='ocr_par' dir='ltr' id='par_1_2' title="bbox 150 667 1217 876">
     <span class='ocr_line' id='line_1_2' title="bbox 152 667 1217 761; baseline -0.002 -26"><span class='ocrx_word' id='word_1_8' title='bbox 152 689 277 736; x_wconf 82' lang='lat' dir='ltr'><strong>ssorum</strong></span> <span class='ocrx_word' id='word_1_9' title='bbox 296 667 376 734; x_wconf 89' lang='lat' dir='ltr'><strong>belli</strong></span> <span class='ocrx_word' id='word_1_10' title='bbox 394 689 443 734; x_wconf 88' lang='lat' dir='ltr'><strong>ras</strong></span> <span class='ocrx_word' id='word_1_11' title='bbox 467 668 565 734; x_wconf 88' lang='lat' dir='ltr'><strong>dilata</strong></span> <span class='ocrx_word' id='word_1_12' title='bbox 593 682 651 736; x_wconf 90' lang='lat' dir='ltr'><strong>est.</strong></span> <span class='ocrx_word' id='word_1_13' title='bbox 702 668 807 754; x_wconf 80' lang='lat' dir='ltr'><strong>Quum</strong></span> <span class='ocrx_word' id='word_1_14' title='bbox 828 691 903 737; x_wconf 80' lang='lat' dir='ltr'><strong>rem</strong></span> <span class='ocrx_word' id='word_1_15' title='bbox 921 670 1068 761; x_wconf 75' lang='lat' dir='ltr'>sequenti</span> <span class='ocrx_word' id='word_1_16' title='bbox 1085 668 1217 736; x_wconf 85' lang='lat' dir='ltr'><strong>demum</strong></span> 
     </span>
     <span class='ocr_line' id='line_1_3' title="bbox 150 781 1215 876; baseline 0.001 -30"><span class='ocrx_word' id='word_1_17' title='bbox 150 804 232 847; x_wconf 90' lang='lat' dir='ltr'><strong>anno</strong></span> <span class='ocrx_word' id='word_1_18' title='bbox 251 781 388 848; x_wconf 88' lang='lat' dir='ltr'><strong>Romani</strong></span> <span class='ocrx_word' id='word_1_19' title='bbox 407 783 571 873; x_wconf 79' lang='lat' dir='ltr'>coeperint</span> <span class='ocrx_word' id='word_1_20' title='bbox 592 781 687 850; x_wconf 79' lang='lat' dir='ltr'><strong>Veios</strong></span> <span class='ocrx_word' id='word_1_21' title='bbox 713 782 874 863; x_wconf 82' lang='lat' dir='ltr'><strong>obsidere,</strong></span> <span class='ocrx_word' id='word_1_22' title='bbox 901 806 966 850; x_wconf 92' lang='lat' dir='ltr'><strong>non</strong></span> <span class='ocrx_word' id='word_1_23' title='bbox 991 805 1119 876; x_wconf 86' lang='lat' dir='ltr'><strong>possum</strong></span> <span class='ocrx_word' id='word_1_24' title='bbox 1140 803 1215 873; x_wconf 86' lang='lat' dir='ltr'><strong>pre·</strong></span> 
     </span>
    </p>
   </div>
   <div class='ocr_carea' id='block_1_3' title="bbox 28 892 1213 987">
    <p class='ocr_par' dir='ltr' id='par_1_3' title="bbox 28 892 1213 987">
     <span class='ocr_line' id='line_1_4' title="bbox 28 892 1213 987; baseline 0 -28"><span class='ocrx_word' id='word_1_25' title='bbox 28 946 29 987; x_wconf 43' lang='lat'>4</span> <span class='ocrx_word' id='word_1_26' title='bbox 147 916 231 961; x_wconf 83' lang='lat' dir='ltr'><strong>more</strong></span> <span class='ocrx_word' id='word_1_27' title='bbox 251 895 463 986; x_wconf 75' lang='lat' dir='ltr'><strong>suspicionem</strong></span> <span class='ocrx_word' id='word_1_28' title='bbox 480 895 598 962; x_wconf 78' lang='lat' dir='ltr'><strong>lamam</strong></span> <span class='ocrx_word' id='word_1_29' title='bbox 620 894 715 961; x_wconf 85' lang='lat' dir='ltr'><strong>bolus</strong></span> <span class='ocrx_word' id='word_1_30' title='bbox 730 896 806 964; x_wconf 87' lang='lat' dir='ltr'><strong>anni</strong></span> <span class='ocrx_word' id='word_1_31' title='bbox 824 908 856 962; x_wconf 91' lang='lat' dir='ltr'><strong>et</strong></span> <span class='ocrx_word' id='word_1_32' title='bbox 865 896 1101 986; x_wconf 76' lang='lat' dir='ltr'><strong>praecedentis,</strong></span> <span class='ocrx_word' id='word_1_33' title='bbox 1125 892 1213 986; x_wconf 88' lang='lat' dir='ltr'><strong>quod</strong></span> 
     </span>
    </p>
   </div>
   <div class='ocr_carea' id='block_1_4' title="bbox 145 1005 1249 1217">
    <p class='ocr_par' dir='ltr' id='par_1_4' title="bbox 145 1005 1249 1217">
     <span class='ocr_line' id='line_1_5' title="bbox 148 1005 1212 1099; baseline -0.002 -27"><span class='ocrx_word' id='word_1_34' title='bbox 148 1006 184 1072; x_wconf 89' lang='lat' dir='ltr'><strong>ad</strong></span> <span class='ocrx_word' id='word_1_35' title='bbox 198 1007 293 1073; x_wconf 79' lang='lat' dir='ltr'><strong>Veios</strong></span> <span class='ocrx_word' id='word_1_36' title='bbox 313 1006 427 1072; x_wconf 82' lang='lat' dir='ltr'><strong>attinet</strong></span> <span class='ocrx_word' id='word_1_37' title='bbox 444 1005 554 1074; x_wconf 86' lang='lat' dir='ltr'><strong>deberi</strong></span> <span class='ocrx_word' id='word_1_38' title='bbox 570 1007 624 1085; x_wconf 90' lang='lat' dir='ltr'><strong>iis,</strong></span> <span class='ocrx_word' id='word_1_39' title='bbox 647 1005 704 1098; x_wconf 84' lang='lat' dir='ltr'><strong>qui</strong></span> <span class='ocrx_word' id='word_1_40' title='bbox 723 1018 808 1073; x_wconf 87' lang='lat' dir='ltr'><strong>reete</strong></span> <span class='ocrx_word' id='word_1_41' title='bbox 827 1018 1029 1099; x_wconf 75' lang='lat' dir='ltr'><strong>perspectum</strong></span> <span class='ocrx_word' id='word_1_42' title='bbox 1049 1005 1212 1071; x_wconf 87' lang='lat' dir='ltr'><strong>habebant</strong></span> 
     </span>
     <span class='ocr_line' id='line_1_6' title="bbox 145 1116 1249 1217; baseline 0 -33"><span class='ocrx_word' id='word_1_43' title='bbox 145 1119 240 1184; x_wconf 89' lang='lat' dir='ltr'><strong>linem</strong></span> <span class='ocrx_word' id='word_1_44' title='bbox 268 1119 365 1184; x_wconf 81' lang='lat' dir='ltr'><strong>luisse</strong></span> <span class='ocrx_word' id='word_1_45' title='bbox 393 1117 527 1184; x_wconf 85' lang='lat' dir='ltr'><strong>indutiis</strong></span> <span class='ocrx_word' id='word_1_46' title='bbox 558 1140 642 1184; x_wconf 88' lang='lat' dir='ltr'><strong>anno</strong></span> <span class='ocrx_word' id='word_1_47' title='bbox 677 1121 754 1197; x_wconf 78' lang='lat'><strong>347,</strong></span> <span class='ocrx_word' id='word_1_48' title='bbox 787 1116 875 1208; x_wconf 89' lang='lat' dir='ltr'><strong>quod</strong></span> <span class='ocrx_word' id='word_1_49' title='bbox 913 1139 1014 1210; x_wconf 85' lang='lat' dir='ltr'><strong>quum</strong></span> <span class='ocrx_word' id='word_1_50' title='bbox 1052 1118 1212 1186; x_wconf 78' lang='lat' dir='ltr'><strong>nescirent</strong></span> <span class='ocrx_word' id='word_1_51' title='bbox 1246 1212 1249 1217; x_wconf 15' lang='grc' dir='ltr'><strong>Δ</strong></span> 
     </span>
    </p>
   </div>
   <div class='ocr_carea' id='block_1_5' title="bbox 27 1229 1210 1323">
    <p class='ocr_par' dir='ltr' id='par_1_5' title="bbox 27 1229 1210 1323">
     <span class='ocr_line' id='line_1_7' title="bbox 27 1229 1210 1323; baseline 0.001 -27"><span class='ocrx_word' id='word_1_52' title='bbox 27 1250 28 1277; x_wconf 68' lang='lat' dir='ltr'><strong>t</strong></span> <span class='ocrx_word' id='word_1_53' title='bbox 145 1231 209 1311; x_wconf 87' lang='lat' dir='ltr'><strong>isti,</strong></span> <span class='ocrx_word' id='word_1_54' title='bbox 233 1231 344 1323; x_wconf 87' lang='lat' dir='ltr'><strong>quiin</strong></span> <span class='ocrx_word' id='word_1_55' title='bbox 372 1230 502 1297; x_wconf 86' lang='lat' dir='ltr'><strong>historia</strong></span> <span class='ocrx_word' id='word_1_56' title='bbox 529 1231 704 1322; x_wconf 89' lang='lat' dir='ltr'><strong>supplenda</strong></span> <span class='ocrx_word' id='word_1_57' title='bbox 725 1229 943 1320; x_wconf 75' lang='lat' dir='ltr'><strong>diligentiores</strong></span> <span class='ocrx_word' id='word_1_58' title='bbox 965 1241 1069 1308; x_wconf 82' lang='lat' dir='ltr'><strong>erent,</strong></span> <span class='ocrx_word' id='word_1_59' title='bbox 1100 1230 1148 1296; x_wconf 91' lang='lat' dir='ltr'><strong>nil</strong></span> <span class='ocrx_word' id='word_1_60' title='bbox 1169 1230 1210 1297; x_wconf 91' lang='lat' dir='ltr'><strong>de</strong></span> 
     </span>
    </p>
   </div>
   <div class='ocr_carea' id='block_1_6' title="bbox 27 1320 1207 1435">
    <p class='ocr_par' dir='ltr' id='par_1_6' title="bbox 27 1320 1207 1435">
     <span class='ocr_line' id='line_1_8' title="bbox 27 1320 1207 1435; baseline 0.053 -88"><span class='ocrx_word' id='word_1_61' title='bbox 27 1320 28 1347; x_wconf 63' lang='lat' dir='ltr'><strong>t</strong></span> <span class='ocrx_word' id='word_1_62' title='bbox 144 1345 234 1411; x_wconf 75' lang='lat' dir='ltr'><strong>rebus</strong></span> <span class='ocrx_word' id='word_1_63' title='bbox 253 1367 327 1410; x_wconf 63' lang='lat' dir='ltr'><strong>cum</strong></span> <span class='ocrx_word' id='word_1_64' title='bbox 359 1344 467 1412; x_wconf 53' lang='lat' dir='ltr'><strong>Tum,</strong></span> <span class='ocrx_word' id='word_1_65' title='bbox 491 1344 564 1411; x_wconf 71' lang='lat' dir='ltr'><strong>illos</strong></span> <span class='ocrx_word' id='word_1_66' title='bbox 582 1345 758 1422; x_wconf 84' lang='lat' dir='ltr'><strong>monuisse,</strong></span> <span class='ocrx_word' id='word_1_67' title='bbox 782 1345 905 1435; x_wconf 71' lang='lat' dir='ltr'><strong>quippo</strong></span> <span class='ocrx_word' id='word_1_68' title='bbox 927 1344 983 1435; x_wconf 90' lang='lat' dir='ltr'><strong>qui</strong></span> <span class='ocrx_word' id='word_1_69' title='bbox 1001 1343 1141 1410; x_wconf 80' lang='lat' dir='ltr'><strong>indutias</strong></span> <span class='ocrx_word' id='word_1_70' title='bbox 1163 1348 1207 1409; x_wconf 83' lang='lat'><strong>20</strong></span> 
     </span>
    </p>
   </div>
   <div class='ocr_carea' id='block_1_7' title="bbox 27 1457 1207 1548">
    <p class='ocr_par' dir='ltr' id='par_1_7' title="bbox 27 1457 1207 1548">
     <span class='ocr_line' id='line_1_9' title="bbox 27 1457 1207 1548; baseline 0 -26"><span class='ocrx_word' id='word_1_71' title='bbox 27 1520 28 1523; x_wconf 73' lang='grc'>,</span> <span class='ocrx_word' id='word_1_72' title='bbox 143 1480 298 1524; x_wconf 87' lang='lat' dir='ltr'><strong>annorum</strong></span> <span class='ocrx_word' id='word_1_73' title='bbox 328 1481 412 1524; x_wconf 89' lang='lat' dir='ltr'><strong>anno</strong></span> <span class='ocrx_word' id='word_1_74' title='bbox 433 1463 500 1527; x_wconf 76' lang='lat'><strong>348</strong></span> <span class='ocrx_word' id='word_1_75' title='bbox 526 1457 654 1524; x_wconf 89' lang='lat' dir='ltr'><strong>demum</strong></span> <span class='ocrx_word' id='word_1_76' title='bbox 675 1459 888 1548; x_wconf 75' lang='lat' dir='ltr'><strong>praeteriisse,</strong></span> <span class='ocrx_word' id='word_1_77' title='bbox 912 1459 1001 1548; x_wconf 83' lang='lat' dir='ltr'><strong>atqui</strong></span> <span class='ocrx_word' id='word_1_78' title='bbox 1020 1469 1207 1548; x_wconf 83' lang='lat' dir='ltr'><strong>sequentem</strong></span> 
     </span>
    </p>
   </div>
   <div class='ocr_carea' id='block_1_8' title="bbox 143 1570 1207 1776">
    <p class='ocr_par' dir='ltr' id='par_1_8' title="bbox 143 1570 1207 1776">
     <span class='ocr_line' id='line_1_10' title="bbox 143 1570 1005 1664; baseline 0.002 -29"><span class='ocrx_word' id='word_1_79' title='bbox 143 1594 261 1637; x_wconf 88' lang='lat' dir='ltr'><strong>nonum</strong></span> <span class='ocrx_word' id='word_1_80' title='bbox 284 1571 417 1637; x_wconf 84' lang='lat' dir='ltr'><strong>obsessis</strong></span> <span class='ocrx_word' id='word_1_81' title='bbox 442 1570 526 1638; x_wconf 83' lang='lat' dir='ltr'><strong>Veiis</strong></span> <span class='ocrx_word' id='word_1_82' title='bbox 545 1572 684 1664; x_wconf 89' lang='lat' dir='ltr'><strong>primum</strong></span> <span class='ocrx_word' id='word_1_83' title='bbox 705 1572 801 1638; x_wconf 85' lang='lat' dir='ltr'><strong>luisse</strong></span> <span class='ocrx_word' id='word_1_84' title='bbox 822 1571 1005 1639; x_wconf 87' lang='lat' dir='ltr'><strong>eredebant.</strong></span> 
     </span>
     <span class='ocr_line' id='line_1_11' title="bbox 184 1683 1207 1776; baseline 0.001 -28"><span class='ocrx_word' id='word_1_85' title='bbox 184 1683 223 1750; x_wconf 93' lang='lat' dir='ltr'><strong>ln</strong></span> <span class='ocrx_word' id='word_1_86' title='bbox 248 1684 437 1750; x_wconf 79' lang='lat' dir='ltr'><strong>Volscorum</strong></span> <span class='ocrx_word' id='word_1_87' title='bbox 457 1707 568 1776; x_wconf 75' lang='lat' dir='ltr'><strong>agrum</strong></span> <span class='ocrx_word' id='word_1_88' title='bbox 587 1687 743 1752; x_wconf 81' lang='lat' dir='ltr'><strong>exereitus</strong></span> <span class='ocrx_word' id='word_1_89' title='bbox 763 1685 853 1752; x_wconf 90' lang='lat' dir='ltr'><strong>dueti</strong></span> <span class='ocrx_word' id='word_1_90' title='bbox 873 1699 962 1765; x_wconf 88' lang='lat' dir='ltr'><strong>sunt,</strong></span> <span class='ocrx_word' id='word_1_91' title='bbox 985 1687 1062 1751; x_wconf 92' lang='lat' dir='ltr'><strong>dum</strong></span> <span class='ocrx_word' id='word_1_92' title='bbox 1084 1683 1207 1752; x_wconf 78' lang='lat' dir='ltr'><strong>(lorne-</strong></span> 
     </span>
    </p>
   </div>
   <div class='ocr_carea' id='block_1_9' title="bbox 26 1797 1203 1889">
    <p class='ocr_par' dir='ltr' id='par_1_9' title="bbox 26 1797 1203 1889">
     <span class='ocr_line' id='line_1_12' title="bbox 26 1797 1203 1889; baseline 0.004 -32"><span class='ocrx_word' id='word_1_93' title='bbox 26 1828 27 1857; x_wconf 68' lang='lat'>3</span> <span class='ocrx_word' id='word_1_94' title='bbox 142 1797 200 1863; x_wconf 91' lang='lat' dir='ltr'><strong>lius</strong></span> <span class='ocrx_word' id='word_1_95' title='bbox 229 1797 390 1887; x_wconf 89' lang='lat' dir='ltr'><strong>praesidio</strong></span> <span class='ocrx_word' id='word_1_96' title='bbox 418 1797 541 1864; x_wconf 88' lang='lat' dir='ltr'><strong>urbano</strong></span> <span class='ocrx_word' id='word_1_97' title='bbox 560 1812 720 1889; x_wconf 61' lang='lat' dir='ltr'><strong>praeeram</strong></span> <span class='ocrx_word' id='word_1_98' title='bbox 750 1799 806 1864; x_wconf 89' lang='lat' dir='ltr'><strong>ubi</strong></span> <span class='ocrx_word' id='word_1_99' title='bbox 825 1798 933 1866; x_wconf 90' lang='lat' dir='ltr'><strong>hostes</strong></span> <span class='ocrx_word' id='word_1_100' title='bbox 951 1822 1014 1864; x_wconf 91' lang='lat' dir='ltr'><strong>non</strong></span> <span class='ocrx_word' id='word_1_101' title='bbox 1034 1799 1203 1876; x_wconf 79' lang='lat' dir='ltr'><strong>visisunt,</strong></span> 
     </span>
    </p>
   </div>
   <div class='ocr_carea' id='block_1_10' title="bbox 141 1909 1205 2002">
    <p class='ocr_par' dir='ltr' id='par_1_10' title="bbox 141 1909 1205 2002">
     <span class='ocr_line' id='line_1_13' title="bbox 141 1909 1205 2002; baseline 0.002 -28"><span class='ocrx_word' id='word_1_102' title='bbox 141 1909 201 1975; x_wconf 89' lang='lat' dir='ltr'><strong>late</strong></span> <span class='ocrx_word' id='word_1_103' title='bbox 229 1933 320 2000; x_wconf 74' lang='lat' dir='ltr'><strong>agros</strong></span> <span class='ocrx_word' id='word_1_104' title='bbox 344 1909 531 2001; x_wconf 90' lang='lat' dir='ltr'><strong>depopulati</strong></span> <span class='ocrx_word' id='word_1_105' title='bbox 552 1911 644 1977; x_wconf 88' lang='lat' dir='ltr'><strong>nrbes</strong></span> <span class='ocrx_word' id='word_1_106' title='bbox 667 1912 865 2002; x_wconf 74' lang='lat' dir='ltr'><strong>petiverunt,</strong></span> <span class='ocrx_word' id='word_1_107' title='bbox 891 1911 1035 1977; x_wconf 80' lang='lat' dir='ltr'><strong>Valerius</strong></span> <span class='ocrx_word' id='word_1_108' title='bbox 1053 1910 1205 1989; x_wconf 73' lang='lat' dir='ltr'><strong>Antium,</strong></span> 
     </span>
    </p>
   </div>
   <div class='ocr_carea' id='block_1_11' title="bbox 26 2020 1204 2116">
    <p class='ocr_par' dir='ltr' id='par_1_11' title="bbox 26 2020 1204 2116">
     <span class='ocr_line' id='line_1_14' title="bbox 26 2020 1204 2116; baseline -0.003 -23"><span class='ocrx_word' id='word_1_109' title='bbox 26 2044 27 2093; x_wconf 78' lang='lat' dir='ltr'><strong>t</strong></span> <span class='ocrx_word' id='word_1_110' title='bbox 141 2020 305 2089; x_wconf 82' lang='lat' dir='ltr'><strong>(loroelius</strong></span> <span class='ocrx_word' id='word_1_111' title='bbox 335 2024 479 2102; x_wconf 76' lang='lat' dir='ltr'><strong>Ecetras,</strong></span> <span class='ocrx_word' id='word_1_112' title='bbox 511 2024 628 2090; x_wconf 80' lang='lat' dir='ltr'><strong>Fabius</strong></span> <span class='ocrx_word' id='word_1_113' title='bbox 652 2025 720 2091; x_wconf 88' lang='lat' dir='ltr'><strong>sine</strong></span> <span class='ocrx_word' id='word_1_114' title='bbox 740 2024 950 2116; x_wconf 87' lang='lat' dir='ltr'><strong>populatione</strong></span> <span class='ocrx_word' id='word_1_115' title='bbox 969 2024 1076 2091; x_wconf 85' lang='lat' dir='ltr'><strong>statim</strong></span> <span class='ocrx_word' id='word_1_116' title='bbox 1097 2046 1204 2090; x_wconf 84' lang='lat' dir='ltr'><strong>ocoss-</strong></span> 
     </span>
    </p>
   </div>
   <div class='ocr_carea' id='block_1_12' title="bbox 66 2134 1205 4266">
    <p class='ocr_par' dir='ltr' id='par_1_12' title="bbox 129 2134 1205 3900">
     <span class='ocr_line' id='line_1_15' title="bbox 140 2134 1205 2229; baseline 0.003 -29"><span class='ocrx_word' id='word_1_117' title='bbox 140 2135 177 2202; x_wconf 91' lang='lat' dir='ltr'><strong>sit</strong></span> <span class='ocrx_word' id='word_1_118' title='bbox 202 2134 242 2202; x_wconf 86' lang='lat' dir='ltr'><strong>sd</strong></span> <span class='ocrx_word' id='word_1_119' title='bbox 265 2137 374 2202; x_wconf 76' lang='lat' dir='ltr'><strong>Anxur</strong></span> <span class='ocrx_word' id='word_1_120' title='bbox 396 2136 665 2228; x_wconf 75' lang='lat' dir='ltr'><strong>oppugnandum,</strong></span> <span class='ocrx_word' id='word_1_121' title='bbox 694 2137 781 2229; x_wconf 86' lang='lat' dir='ltr'><strong>quod</strong></span> <span class='ocrx_word' id='word_1_122' title='bbox 803 2149 880 2203; x_wconf 89' lang='lat' dir='ltr'><strong>tuno</strong></span> <span class='ocrx_word' id='word_1_123' title='bbox 900 2137 1068 2204; x_wconf 81' lang='lat' dir='ltr'><strong>dicebatur</strong></span> <span class='ocrx_word' id='word_1_124' title='bbox 1089 2151 1100 2189; x_wconf 92' lang='lat'><strong>¹</strong></span> <span class='ocrx_word' id='word_1_125' title='bbox 1127 2138 1205 2203; x_wconf 86' lang='lat' dir='ltr'><strong>Tar-</strong></span> 
     </span>
     <span class='ocr_line' id='line_1_16' title="bbox 138 2248 1205 2342; baseline 0.004 -29"><span class='ocrx_word' id='word_1_126' title='bbox 138 2248 242 2315; x_wconf 83' lang='lat' dir='ltr'><strong>racina</strong></span> <span class='ocrx_word' id='word_1_127' title='bbox 262 2261 396 2340; x_wconf 91' lang='lat' dir='ltr'><strong>propter</strong></span> <span class='ocrx_word' id='word_1_128' title='bbox 414 2250 477 2315; x_wconf 88' lang='lat' dir='ltr'><strong>loei</strong></span> <span class='ocrx_word' id='word_1_129' title='bbox 493 2251 710 2342; x_wconf 78' lang='lat' dir='ltr'><strong>asperitatem,</strong></span> <span class='ocrx_word' id='word_1_130' title='bbox 734 2274 807 2317; x_wconf 89' lang='lat' dir='ltr'><strong>narn</strong></span> <span class='ocrx_word' id='word_1_131' title='bbox 823 2250 881 2317; x_wconf 90' lang='lat' dir='ltr'><strong>sita</strong></span> <span class='ocrx_word' id='word_1_132' title='bbox 899 2262 947 2317; x_wconf 89' lang='lat' dir='ltr'><strong>est</strong></span> <span class='ocrx_word' id='word_1_133' title='bbox 961 2251 995 2317; x_wconf 92' lang='lat' dir='ltr'><strong>in</strong></span> <span class='ocrx_word' id='word_1_134' title='bbox 1011 2251 1077 2316; x_wconf 91' lang='lat' dir='ltr'><strong>alto</strong></span> <span class='ocrx_word' id='word_1_135' title='bbox 1094 2261 1205 2317; x_wconf 90' lang='lat' dir='ltr'><strong>monte</strong></span> 
     </span>
     <span class='ocr_line' id='line_1_17' title="bbox 140 2361 1204 2455; baseline 0.003 -29"><span class='ocrx_word' id='word_1_136' title='bbox 140 2361 170 2427; x_wconf 92' lang='lat' dir='ltr'><strong>in</strong></span> <span class='ocrx_word' id='word_1_137' title='bbox 191 2363 303 2427; x_wconf 80' lang='lat' dir='ltr'><strong>»saris</strong></span> <span class='ocrx_word' id='word_1_138' title='bbox 320 2363 385 2428; x_wconf 86' lang='lat' dir='ltr'><strong>late</strong></span> <span class='ocrx_word' id='word_1_139' title='bbox 402 2362 647 2442; x_wconf 87' lang='lat' dir='ltr'><strong>candentibus,&#39;&#39;</strong></span> <span class='ocrx_word' id='word_1_140' title='bbox 659 2375 693 2430; x_wconf 88' lang='lat' dir='ltr'><strong>ut</strong></span> <span class='ocrx_word' id='word_1_141' title='bbox 711 2376 758 2430; x_wconf 86' lang='lat' dir='ltr'><strong>est</strong></span> <span class='ocrx_word' id='word_1_142' title='bbox 773 2364 857 2455; x_wconf 91' lang='lat' dir='ltr'><strong>apud</strong></span> <span class='ocrx_word' id='word_1_143' title='bbox 871 2364 1035 2431; x_wconf 76' lang='lat' dir='ltr'><strong>Horatium</strong></span> <span class='ocrx_word' id='word_1_144' title='bbox 1049 2375 1079 2442; x_wconf 82' lang='lat'><strong>23</strong></span> <span class='ocrx_word' id='word_1_145' title='bbox 1094 2375 1204 2454; x_wconf 85' lang='lat' dir='ltr'><strong>postes</strong></span> 
     </span>
     <span class='ocr_line' id='line_1_18' title="bbox 137 2473 1203 2568; baseline 0.005 -31"><span class='ocrx_word' id='word_1_146' title='bbox 137 2474 294 2541; x_wconf 85' lang='lat' dir='ltr'><strong>aVolsois</strong></span> <span class='ocrx_word' id='word_1_147' title='bbox 314 2488 327 2526; x_wconf 79' lang='lat'>³</span> <span class='ocrx_word' id='word_1_148' title='bbox 349 2473 432 2542; x_wconf 88' lang='lat' dir='ltr'><strong>diota</strong></span> <span class='ocrx_word' id='word_1_149' title='bbox 453 2488 501 2543; x_wconf 88' lang='lat' dir='ltr'><strong>est</strong></span> <span class='ocrx_word' id='word_1_150' title='bbox 521 2477 630 2542; x_wconf 78' lang='lat' dir='ltr'><strong>duxur</strong></span> <span class='ocrx_word' id='word_1_151' title='bbox 648 2500 666 2542; x_wconf 88' lang='lat' dir='ltr'><strong>a</strong></span> <span class='ocrx_word' id='word_1_152' title='bbox 687 2477 778 2557; x_wconf 84' lang='lat' dir='ltr'><strong>iore,</strong></span> <span class='ocrx_word' id='word_1_153' title='bbox 796 2477 853 2567; x_wconf 83' lang='lat' dir='ltr'><strong>qui</strong></span> <span class='ocrx_word' id='word_1_154' title='bbox 874 2477 922 2542; x_wconf 91' lang='lat' dir='ltr'><strong>lbi</strong></span> <span class='ocrx_word' id='word_1_155' title='bbox 940 2476 1105 2542; x_wconf 84' lang='lat' dir='ltr'><strong>colebatur</strong></span> <span class='ocrx_word' id='word_1_156' title='bbox 1123 2498 1203 2568; x_wconf 91' lang='lat' dir='ltr'><strong>puer</strong></span> 
     </span>
     <span class='ocr_line' id='line_1_19' title="bbox 137 2587 1202 2681; baseline 0 -27"><span class='ocrx_word' id='word_1_157' title='bbox 137 2587 292 2654; x_wconf 87' lang='lat' dir='ltr'><strong>imberbis</strong></span> <span class='ocrx_word' id='word_1_158' title='bbox 310 2587 383 2655; x_wconf 73' lang='grc' dir='ltr'><strong>ἄνευ</strong></span> <span class='ocrx_word' id='word_1_159' title='bbox 404 2589 748 2672; x_wconf 49' lang='lat' dir='ltr'><strong>Euporia-Merentem</strong></span> <span class='ocrx_word' id='word_1_160' title='bbox 766 2591 829 2656; x_wconf 86' lang='lat' dir='ltr'><strong>iam</strong></span> <span class='ocrx_word' id='word_1_161' title='bbox 848 2590 905 2656; x_wconf 93' lang='lat' dir='ltr'><strong>diu</strong></span> <span class='ocrx_word' id='word_1_162' title='bbox 921 2602 995 2656; x_wconf 88' lang='lat' dir='ltr'><strong>ante</strong></span> <span class='ocrx_word' id='word_1_163' title='bbox 1017 2590 1202 2681; x_wconf 86' lang='lat' dir='ltr'><strong>pollebant,</strong></span> 
     </span>
     <span class='ocr_line' id='line_1_20' title="bbox 134 2699 1201 2792; baseline 0.006 -28"><span class='ocrx_word' id='word_1_164' title='bbox 134 2721 261 2765; x_wconf 84' lang='lat' dir='ltr'><strong>necnon</strong></span> <span class='ocrx_word' id='word_1_165' title='bbox 282 2699 433 2766; x_wconf 87' lang='lat' dir='ltr'><strong>Romanis</strong></span> <span class='ocrx_word' id='word_1_166' title='bbox 452 2712 541 2766; x_wconf 89' lang='lat' dir='ltr'><strong>erant</strong></span> <span class='ocrx_word' id='word_1_167' title='bbox 560 2701 653 2781; x_wconf 84' lang='lat' dir='ltr'><strong>socii,</strong></span> <span class='ocrx_word' id='word_1_168' title='bbox 677 2724 779 2792; x_wconf 84' lang='lat' dir='ltr'><strong>quum</strong></span> <span class='ocrx_word' id='word_1_169' title='bbox 795 2700 907 2792; x_wconf 92' lang='lat' dir='ltr'><strong>primis</strong></span> <span class='ocrx_word' id='word_1_170' title='bbox 927 2701 1113 2773; x_wconf 87' lang='lat' dir='ltr'><strong>oonsulibus</strong></span> <span class='ocrx_word' id='word_1_171' title='bbox 1130 2702 1201 2770; x_wconf 85' lang='lat' dir='ltr'><strong>loe·</strong></span> 
     </span>
     <span class='ocr_line' id='line_1_21' title="bbox 133 2808 1199 2903; baseline 0.004 -26"><span class='ocrx_word' id='word_1_172' title='bbox 133 2811 214 2878; x_wconf 73' lang='lat' dir='ltr'><strong>dus⁴</strong></span> <span class='ocrx_word' id='word_1_173' title='bbox 235 2832 312 2876; x_wconf 89' lang='lat' dir='ltr'><strong>oum</strong></span> <span class='ocrx_word' id='word_1_174' title='bbox 324 2808 694 2901; x_wconf 75' lang='lat' dir='ltr'><strong>Carthagiueiotumest.</strong></span> <span class='ocrx_word' id='word_1_175' title='bbox 725 2810 889 2903; x_wconf 84' lang='lat' dir='ltr'><strong>Oppidum</strong></span> <span class='ocrx_word' id='word_1_176' title='bbox 906 2826 1020 2879; x_wconf 83' lang='lat' dir='ltr'><strong>natura</strong></span> <span class='ocrx_word' id='word_1_177' title='bbox 1038 2815 1199 2881; x_wconf 86' lang='lat' dir='ltr'><strong>munitum</strong></span> 
     </span>
     <span class='ocr_line' id='line_1_22' title="bbox 133 2923 1199 3015; baseline 0.003 -24"><span class='ocrx_word' id='word_1_178' title='bbox 133 2937 197 2992; x_wconf 80' lang='lat' dir='ltr'><strong>erat</strong></span> <span class='ocrx_word' id='word_1_179' title='bbox 218 2923 393 3014; x_wconf 88' lang='lat' dir='ltr'><strong>paludibus</strong></span> <span class='ocrx_word' id='word_1_180' title='bbox 409 2923 450 2989; x_wconf 91' lang='lat' dir='ltr'><strong>ab</strong></span> <span class='ocrx_word' id='word_1_181' title='bbox 466 2944 528 2989; x_wconf 91' lang='lat' dir='ltr'><strong>una</strong></span> <span class='ocrx_word' id='word_1_182' title='bbox 543 2935 650 3015; x_wconf 89' lang='lat' dir='ltr'><strong>parte,</strong></span> <span class='ocrx_word' id='word_1_183' title='bbox 669 2924 835 2991; x_wconf 90' lang='lat' dir='ltr'><strong>montibus</strong></span> <span class='ocrx_word' id='word_1_184' title='bbox 850 2925 890 2990; x_wconf 92' lang='lat' dir='ltr'><strong>ab</strong></span> <span class='ocrx_word' id='word_1_185' title='bbox 907 2925 1021 3005; x_wconf 80' lang='lat' dir='ltr'><strong>ultera,</strong></span> <span class='ocrx_word' id='word_1_186' title='bbox 1041 2938 1074 2992; x_wconf 89' lang='lat' dir='ltr'><strong>et</strong></span> <span class='ocrx_word' id='word_1_187' title='bbox 1091 2938 1199 2994; x_wconf 86' lang='lat' dir='ltr'><strong>tamen</strong></span> 
     </span>
     <span class='ocr_line' id='line_1_23' title="bbox 133 3037 1200 3133; baseline 0.003 -29"><span class='ocrx_word' id='word_1_188' title='bbox 133 3038 303 3104; x_wconf 88' lang='lat' dir='ltr'><strong>sooeubuit</strong></span> <span class='ocrx_word' id='word_1_189' title='bbox 331 3037 502 3117; x_wconf 90' lang='lat' dir='ltr'><strong>Romanis,</strong></span> <span class='ocrx_word' id='word_1_190' title='bbox 535 3038 591 3128; x_wconf 91' lang='lat' dir='ltr'><strong>qui</strong></span> <span class='ocrx_word' id='word_1_191' title='bbox 621 3037 738 3104; x_wconf 81' lang='lat' dir='ltr'><strong>collem</strong></span> <span class='ocrx_word' id='word_1_192' title='bbox 766 3038 837 3104; x_wconf 91' lang='lat' dir='ltr'><strong>urbi</strong></span> <span class='ocrx_word' id='word_1_193' title='bbox 862 3040 1084 3105; x_wconf 89' lang='lat' dir='ltr'><strong>imminentem</strong></span> <span class='ocrx_word' id='word_1_194' title='bbox 1103 3063 1200 3133; x_wconf 82' lang='lat' dir='ltr'><strong>cepe·</strong></span> 
     </span>
     <span class='ocr_line' id='line_1_24' title="bbox 132 3149 1197 3245; baseline 0.003 -29"><span class='ocrx_word' id='word_1_195' title='bbox 132 3162 223 3229; x_wconf 84' lang='lat' dir='ltr'><strong>runt,</strong></span> <span class='ocrx_word' id='word_1_196' title='bbox 260 3149 346 3216; x_wconf 87' lang='lat' dir='ltr'><strong>unde</strong></span> <span class='ocrx_word' id='word_1_197' title='bbox 374 3173 437 3241; x_wconf 87' lang='lat' dir='ltr'><strong>que</strong></span> <span class='ocrx_word' id='word_1_198' title='bbox 466 3162 557 3241; x_wconf 89' lang='lat' dir='ltr'><strong>parte</strong></span> <span class='ocrx_word' id='word_1_199' title='bbox 585 3151 712 3217; x_wconf 89' lang='lat' dir='ltr'><strong>nullum</strong></span> <span class='ocrx_word' id='word_1_200' title='bbox 744 3163 810 3217; x_wconf 86' lang='lat' dir='ltr'><strong>erat</strong></span> <span class='ocrx_word' id='word_1_201' title='bbox 838 3151 1047 3243; x_wconf 84' lang='lat' dir='ltr'><strong>praesidium,</strong></span> <span class='ocrx_word' id='word_1_202' title='bbox 1076 3154 1197 3245; x_wconf 72' lang='lat' dir='ltr'><strong>ingenti</strong></span> 
     </span>
     <span class='ocr_line' id='line_1_25' title="bbox 131 3264 1196 3356; baseline 0.004 -27"><span class='ocrx_word' id='word_1_203' title='bbox 131 3265 271 3332; x_wconf 84' lang='lat' dir='ltr'><strong>elamore</strong></span> <span class='ocrx_word' id='word_1_204' title='bbox 300 3265 425 3330; x_wconf 88' lang='lat' dir='ltr'><strong>moenia</strong></span> <span class='ocrx_word' id='word_1_205' title='bbox 454 3265 651 3345; x_wconf 80' lang='lat' dir='ltr'><strong>invaserunt,</strong></span> <span class='ocrx_word' id='word_1_206' title='bbox 680 3264 757 3331; x_wconf 92' lang='lat' dir='ltr'><strong>dum</strong></span> <span class='ocrx_word' id='word_1_207' title='bbox 782 3265 824 3330; x_wconf 90' lang='lat' dir='ltr'><strong>ab</strong></span> <span class='ocrx_word' id='word_1_208' title='bbox 850 3266 950 3331; x_wconf 83' lang='lat' dir='ltr'><strong>alteru</strong></span> <span class='ocrx_word' id='word_1_209' title='bbox 967 3276 1059 3356; x_wconf 83' lang='lat' dir='ltr'><strong>porte</strong></span> <span class='ocrx_word' id='word_1_210' title='bbox 1077 3266 1196 3333; x_wconf 82' lang='lat' dir='ltr'><strong>Fabius</strong></span> 
     </span>
     <span class='ocr_line' id='line_1_26' title="bbox 131 3377 1195 3470; baseline 0.003 -27"><span class='ocrx_word' id='word_1_211' title='bbox 131 3379 227 3445; x_wconf 84' lang='lat' dir='ltr'><strong>scalas</strong></span> <span class='ocrx_word' id='word_1_212' title='bbox 257 3377 456 3458; x_wconf 60' lang='lat' dir='ltr'><strong>admoverem</strong></span> <span class='ocrx_word' id='word_1_213' title='bbox 486 3401 560 3444; x_wconf 88' lang='lat' dir='ltr'><strong>mox</strong></span> <span class='ocrx_word' id='word_1_214' title='bbox 588 3378 671 3444; x_wconf 86' lang='lat' dir='ltr'><strong>intra</strong></span> <span class='ocrx_word' id='word_1_215' title='bbox 700 3380 826 3444; x_wconf 88' lang='lat' dir='ltr'><strong>moenia</strong></span> <span class='ocrx_word' id='word_1_216' title='bbox 852 3390 1030 3470; x_wconf 77' lang='lat' dir='ltr'><strong>pugnatum</strong></span> <span class='ocrx_word' id='word_1_217' title='bbox 1051 3391 1113 3458; x_wconf 87' lang='lat' dir='ltr'><strong>est,</strong></span> <span class='ocrx_word' id='word_1_218' title='bbox 1138 3380 1195 3446; x_wconf 92' lang='lat' dir='ltr'><strong>ubi</strong></span> 
     </span>
     <span class='ocr_line' id='line_1_27' title="bbox 130 3490 1195 3583; baseline 0.002 -26"><span class='ocrx_word' id='word_1_219' title='bbox 130 3493 238 3559; x_wconf 89' lang='lat' dir='ltr'><strong>nullus</strong></span> <span class='ocrx_word' id='word_1_220' title='bbox 269 3491 404 3558; x_wconf 84' lang='lat' dir='ltr'><strong>sedendi</strong></span> <span class='ocrx_word' id='word_1_221' title='bbox 430 3492 521 3558; x_wconf 82' lang='lat' dir='ltr'><strong>loeus</strong></span> <span class='ocrx_word' id='word_1_222' title='bbox 548 3503 631 3571; x_wconf 90' lang='lat' dir='ltr'><strong>erat,</strong></span> <span class='ocrx_word' id='word_1_223' title='bbox 654 3492 698 3557; x_wconf 88' lang='lat' dir='ltr'><strong>ita</strong></span> <span class='ocrx_word' id='word_1_224' title='bbox 719 3503 755 3557; x_wconf 92' lang='lat' dir='ltr'><strong>ut</strong></span> <span class='ocrx_word' id='word_1_225' title='bbox 774 3490 814 3557; x_wconf 87' lang='lat' dir='ltr'><strong>ed</strong></span> <span class='ocrx_word' id='word_1_226' title='bbox 835 3491 900 3557; x_wconf 91' lang='lat' dir='ltr'><strong>duo</strong></span> <span class='ocrx_word' id='word_1_227' title='bbox 921 3492 1023 3558; x_wconf 87' lang='lat' dir='ltr'><strong>millia</strong></span> <span class='ocrx_word' id='word_1_228' title='bbox 1044 3504 1076 3559; x_wconf 90' lang='lat' dir='ltr'><strong>et</strong></span> <span class='ocrx_word' id='word_1_229' title='bbox 1098 3494 1195 3583; x_wconf 89' lang='lat' dir='ltr'><strong>quin·</strong></span> 
     </span>
     <span class='ocr_line' id='line_1_28' title="bbox 129 3605 1195 3698; baseline 0.003 -26"><span class='ocrx_word' id='word_1_230' title='bbox 129 3608 215 3695; x_wconf 74' lang='lat' dir='ltr'><strong>genti</strong></span> <span class='ocrx_word' id='word_1_231' title='bbox 236 3607 322 3697; x_wconf 84' lang='lat' dir='ltr'><strong>capti</strong></span> <span class='ocrx_word' id='word_1_232' title='bbox 340 3607 491 3672; x_wconf 87' lang='lat' dir='ltr'><strong>ferantur.</strong></span> <span class='ocrx_word' id='word_1_233' title='bbox 538 3605 592 3670; x_wconf 89' lang='lat' dir='ltr'><strong>Sio</strong></span> <span class='ocrx_word' id='word_1_234' title='bbox 616 3606 733 3671; x_wconf 88' lang='lat' dir='ltr'><strong>milites</strong></span> <span class='ocrx_word' id='word_1_235' title='bbox 756 3606 869 3671; x_wconf 90' lang='lat' dir='ltr'><strong>urbem</strong></span> <span class='ocrx_word' id='word_1_236' title='bbox 892 3605 1077 3695; x_wconf 88' lang='lat' dir='ltr'><strong>opulentam</strong></span> <span class='ocrx_word' id='word_1_237' title='bbox 1099 3629 1195 3698; x_wconf 87' lang='lat' dir='ltr'><strong>cepe·</strong></span> 
     </span>
     <span class='ocr_line' id='line_1_29' title="bbox 129 3717 1193 3812; baseline 0.005 -30"><span class='ocrx_word' id='word_1_238' title='bbox 129 3732 218 3798; x_wconf 86' lang='lat' dir='ltr'><strong>runt,</strong></span> <span class='ocrx_word' id='word_1_239' title='bbox 243 3740 327 3811; x_wconf 88' lang='lat' dir='ltr'><strong>quae</strong></span> <span class='ocrx_word' id='word_1_240' title='bbox 344 3717 522 3810; x_wconf 88' lang='lat' dir='ltr'><strong>diripienda</strong></span> <span class='ocrx_word' id='word_1_241' title='bbox 538 3719 578 3786; x_wconf 90' lang='lat' dir='ltr'><strong>iis</strong></span> <span class='ocrx_word' id='word_1_242' title='bbox 596 3718 670 3785; x_wconf 85' lang='lat' dir='ltr'><strong>data</strong></span> <span class='ocrx_word' id='word_1_243' title='bbox 688 3718 872 3785; x_wconf 78' lang='lat' dir='ltr'><strong>consiliavit</strong></span> <span class='ocrx_word' id='word_1_244' title='bbox 890 3718 1021 3809; x_wconf 88' lang='lat' dir='ltr'><strong>plebem</strong></span> <span class='ocrx_word' id='word_1_245' title='bbox 1041 3741 1114 3786; x_wconf 86' lang='lat' dir='ltr'><strong>cum</strong></span> <span class='ocrx_word' id='word_1_246' title='bbox 1134 3745 1193 3812; x_wconf 91' lang='lat' dir='ltr'><strong>pa·</strong></span> 
     </span>
     <span class='ocr_line' id='line_1_30' title="bbox 130 3832 241 3900; baseline 0.045 -5"><span class='ocrx_word' id='word_1_247' title='bbox 130 3832 241 3900; x_wconf 88' lang='lat' dir='ltr'><strong>tribus.</strong></span> 
     </span>
    </p>

    <p class='ocr_par' dir='ltr' id='par_1_13' title="bbox 66 3944 1193 4266">
     <span class='ocr_line' id='line_1_31' title="bbox 66 3944 1193 4036; baseline 0.001 -23"><span class='ocrx_word' id='word_1_248' title='bbox 66 4006 69 4013; x_wconf 87' lang='lat'>.</span> <span class='ocrx_word' id='word_1_249' title='bbox 171 3944 318 4013; x_wconf 87' lang='lat' dir='ltr'><strong>innotuit</strong></span> <span class='ocrx_word' id='word_1_250' title='bbox 341 3959 354 3997; x_wconf 80' lang='lat'><strong>⁶</strong></span> <span class='ocrx_word' id='word_1_251' title='bbox 381 3946 498 4013; x_wconf 89' lang='lat' dir='ltr'><strong>deinde</strong></span> <span class='ocrx_word' id='word_1_252' title='bbox 527 3945 618 4012; x_wconf 76' lang='lat' dir='ltr'><strong>Ilobii</strong></span> <span class='ocrx_word' id='word_1_253' title='bbox 645 3945 826 4011; x_wconf 86' lang='lat' dir='ltr'><strong>tribunatus</strong></span> <span class='ocrx_word' id='word_1_254' title='bbox 855 3944 1015 4036; x_wconf 89' lang='lat' dir='ltr'><strong>stipendio</strong></span> <span class='ocrx_word' id='word_1_255' title='bbox 1040 3959 1108 4015; x_wconf 91' lang='lat' dir='ltr'><strong>tum</strong></span> <span class='ocrx_word' id='word_1_256' title='bbox 1134 3947 1193 4014; x_wconf 89' lang='lat' dir='ltr'><strong>de·</strong></span> 
     </span>
     <span class='ocr_line' id='line_1_32' title="bbox 127 4057 1193 4151; baseline 0.008 -29"><span class='ocrx_word' id='word_1_257' title='bbox 127 4077 216 4124; x_wconf 90' lang='lat' dir='ltr'><strong>muna</strong></span> <span class='ocrx_word' id='word_1_258' title='bbox 244 4057 402 4126; x_wconf 88' lang='lat' dir='ltr'><strong>instituto.</strong></span> <span class='ocrx_word' id='word_1_259' title='bbox 435 4060 525 4126; x_wconf 80' lang='lat' dir='ltr'><strong>Bello</strong></span> <span class='ocrx_word' id='word_1_260' title='bbox 553 4059 639 4125; x_wconf 90' lang='lat' dir='ltr'><strong>enim</strong></span> <span class='ocrx_word' id='word_1_261' title='bbox 671 4058 792 4124; x_wconf 86' lang='lat' dir='ltr'><strong>adhoc</strong></span> <span class='ocrx_word' id='word_1_262' title='bbox 815 4081 917 4149; x_wconf 88' lang='lat' dir='ltr'><strong>usque</strong></span> <span class='ocrx_word' id='word_1_263' title='bbox 940 4072 1193 4151; x_wconf 87' lang='lat' dir='ltr'><strong>tempusannua</strong></span> 
     </span>
     <span class='ocr_line' id='line_1_33' title="bbox 126 4166 1192 4266; baseline 0.013 -36"><span class='ocrx_word' id='word_1_264' title='bbox 126 4166 267 4252; x_wconf 81' lang='lat' dir='ltr'><strong>fueram,</strong></span> <span class='ocrx_word' id='word_1_265' title='bbox 289 4184 437 4263; x_wconf 89' lang='lat' dir='ltr'><strong>poterant</strong></span> <span class='ocrx_word' id='word_1_266' title='bbox 458 4195 534 4263; x_wconf 80' lang='lat' dir='ltr'><strong>ergo</strong></span> <span class='ocrx_word' id='word_1_267' title='bbox 553 4173 669 4239; x_wconf 90' lang='lat' dir='ltr'><strong>milites</strong></span> <span class='ocrx_word' id='word_1_268' title='bbox 689 4173 777 4238; x_wconf 89' lang='lat' dir='ltr'><strong>bello</strong></span> <span class='ocrx_word' id='word_1_269' title='bbox 796 4173 944 4239; x_wconf 78' lang='lat' dir='ltr'><strong>conlecto</strong></span> <span class='ocrx_word' id='word_1_270' title='bbox 964 4173 1005 4239; x_wconf 92' lang='lat' dir='ltr'><strong>ad</strong></span> <span class='ocrx_word' id='word_1_271' title='bbox 1025 4198 1115 4266; x_wconf 79' lang='lat' dir='ltr'><strong>agros</strong></span> <span class='ocrx_word' id='word_1_272' title='bbox 1135 4198 1192 4244; x_wconf 89' lang='lat' dir='ltr'><strong>oo·</strong></span> 
     </span>
    </p>
   </div>
   <div class='ocr_carea' id='block_1_13' title="bbox 117 4370 1198 4613">
    <p class='ocr_par' dir='ltr' id='par_1_14' title="bbox 117 4370 1198 4613">
     <span class='ocr_line' id='line_1_34' title="bbox 154 4370 1195 4442; baseline 0.009 -18"><span class='ocrx_word' id='word_1_273' title='bbox 154 4370 175 4434; x_wconf 70' lang='lat'><strong>¹)</strong></span> <span class='ocrx_word' id='word_1_274' title='bbox 193 4375 251 4426; x_wconf 86' lang='lat' dir='ltr'><strong>Liv.</strong></span> <span class='ocrx_word' id='word_1_275' title='bbox 275 4377 325 4426; x_wconf 85' lang='lat' dir='ltr'><strong>lv.</strong></span> <span class='ocrx_word' id='word_1_276' title='bbox 352 4380 397 4436; x_wconf 83' lang='lat'><strong>593</strong></span> <span class='ocrx_word' id='word_1_277' title='bbox 420 4377 513 4442; x_wconf 73' lang='lat' dir='ltr'><strong>[Fest]</strong></span> <span class='ocrx_word' id='word_1_278' title='bbox 538 4377 611 4427; x_wconf 78' lang='lat' dir='ltr'><strong>Paul.</strong></span> <span class='ocrx_word' id='word_1_279' title='bbox 634 4393 660 4427; x_wconf 83' lang='lat' dir='ltr'><strong>v.</strong></span> <span class='ocrx_word' id='word_1_280' title='bbox 683 4374 770 4426; x_wconf 79' lang='lat' dir='ltr'><strong>Anxur</strong></span> <span class='ocrx_word' id='word_1_281' title='bbox 792 4393 816 4442; x_wconf 92' lang='lat' dir='ltr'><strong>p.</strong></span> <span class='ocrx_word' id='word_1_282' title='bbox 836 4382 878 4425; x_wconf 76' lang='lat'><strong>22.</strong></span> <span class='ocrx_word' id='word_1_283' title='bbox 947 4373 968 4442; x_wconf 84' lang='lat'><strong>²)</strong></span> <span class='ocrx_word' id='word_1_284' title='bbox 986 4374 1040 4428; x_wconf 80' lang='lat' dir='ltr'><strong>Set.</strong></span> <span class='ocrx_word' id='word_1_285' title='bbox 1063 4382 1085 4429; x_wconf 92' lang='lat' dir='ltr'><strong>I.</strong></span> <span class='ocrx_word' id='word_1_286' title='bbox 1110 4385 1134 4430; x_wconf 83' lang='lat'><strong>5.</strong></span> <span class='ocrx_word' id='word_1_287' title='bbox 1154 4387 1195 4433; x_wconf 78' lang='lat'><strong>26.</strong></span> 
     </span>
     <span class='ocr_line' id='line_1_35' title="bbox 119 4450 1198 4528; baseline 0.006 -20"><span class='ocrx_word' id='word_1_288' title='bbox 119 4450 140 4520; x_wconf 53' lang='grc' dir='ltr'><strong>ὅ)</strong></span> <span class='ocrx_word' id='word_1_289' title='bbox 158 4457 245 4508; x_wconf 81' lang='lat' dir='ltr'><strong>Sehol.</strong></span> <span class='ocrx_word' id='word_1_290' title='bbox 262 4458 298 4509; x_wconf 82' lang='lat' dir='ltr'><strong>od</strong></span> <span class='ocrx_word' id='word_1_291' title='bbox 312 4457 405 4510; x_wconf 82' lang='lat' dir='ltr'><strong>Horat.</strong></span> <span class='ocrx_word' id='word_1_292' title='bbox 419 4461 479 4521; x_wconf 89' lang='lat' dir='ltr'><strong>1.t.;</strong></span> <span class='ocrx_word' id='word_1_293' title='bbox 497 4461 568 4511; x_wconf 73' lang='lat' dir='ltr'><strong>Sors.</strong></span> <span class='ocrx_word' id='word_1_294' title='bbox 582 4458 685 4511; x_wconf 83' lang='lat' dir='ltr'><strong>odAen.</strong></span> <span class='ocrx_word' id='word_1_295' title='bbox 697 4462 760 4511; x_wconf 88' lang='lat' dir='ltr'><strong>VII.</strong></span> <span class='ocrx_word' id='word_1_296' title='bbox 772 4465 829 4512; x_wconf 82' lang='lat'>799.</span> <span class='ocrx_word' id='word_1_297' title='bbox 881 4457 901 4526; x_wconf 73' lang='lat'><strong>⁴)</strong></span> <span class='ocrx_word' id='word_1_298' title='bbox 920 4460 1010 4527; x_wconf 89' lang='lat' dir='ltr'><strong>Polyb.</strong></span> <span class='ocrx_word' id='word_1_299' title='bbox 1019 4465 1070 4513; x_wconf 90' lang='lat'>111.</span> <span class='ocrx_word' id='word_1_300' title='bbox 1081 4469 1113 4513; x_wconf 76' lang='lat'><strong>22</strong></span> <span class='ocrx_word' id='word_1_301' title='bbox 1131 4467 1198 4528; x_wconf 66' lang='lat' dir='ltr'><strong>§lh</strong></span> 
     </span>
     <span class='ocr_line' id='line_1_36' title="bbox 117 4534 1196 4613; baseline 0.009 -22"><span class='ocrx_word' id='word_1_302' title='bbox 117 4534 139 4605; x_wconf 74' lang='lat'><strong>⁵)</strong></span> <span class='ocrx_word' id='word_1_303' title='bbox 155 4540 216 4596; x_wconf 75' lang='lat' dir='ltr'><strong>Lis.</strong></span> <span class='ocrx_word' id='word_1_304' title='bbox 233 4543 281 4596; x_wconf 85' lang='lat' dir='ltr'><strong>IV.</strong></span> <span class='ocrx_word' id='word_1_305' title='bbox 300 4548 348 4604; x_wconf 73' lang='lat'><strong>593</strong></span> <span class='ocrx_word' id='word_1_306' title='bbox 365 4543 440 4595; x_wconf 91' lang='lat' dir='ltr'><strong>Diod.</strong></span> <span class='ocrx_word' id='word_1_307' title='bbox 458 4543 510 4598; x_wconf 76' lang='lat' dir='ltr'><strong>sio.</strong></span> <span class='ocrx_word' id='word_1_308' title='bbox 527 4543 605 4597; x_wconf 84' lang='lat' dir='ltr'><strong>XIV.</strong></span> <span class='ocrx_word' id='word_1_309' title='bbox 626 4549 669 4607; x_wconf 83' lang='lat'><strong>16;</strong></span> <span class='ocrx_word' id='word_1_310' title='bbox 687 4545 753 4613; x_wconf 75' lang='lat' dir='ltr'><strong>Lyd.</strong></span> <span class='ocrx_word' id='word_1_311' title='bbox 768 4543 797 4595; x_wconf 82' lang='lat' dir='ltr'><strong>de</strong></span> <span class='ocrx_word' id='word_1_312' title='bbox 811 4560 872 4611; x_wconf 63' lang='lat' dir='ltr'><strong>may.</strong></span> <span class='ocrx_word' id='word_1_313' title='bbox 882 4545 905 4596; x_wconf 92' lang='lat'><strong>1.</strong></span> <span class='ocrx_word' id='word_1_314' title='bbox 915 4550 962 4607; x_wconf 72' lang='lat' dir='ltr'><strong>ts,</strong></span> <span class='ocrx_word' id='word_1_315' title='bbox 979 4546 1070 4598; x_wconf 78' lang='lat' dir='ltr'><strong>Zenon</strong></span> <span class='ocrx_word' id='word_1_316' title='bbox 1080 4549 1143 4600; x_wconf 85' lang='lat' dir='ltr'><strong>VII.</strong></span> <span class='ocrx_word' id='word_1_317' title='bbox 1154 4555 1196 4602; x_wconf 76' lang='lat'><strong>20.</strong></span> 
     </span>
    </p>
   </div>
   <div class='ocr_carea' id='block_1_14' title="bbox 1051 4633 1100 4693">
    <p class='ocr_par' dir='ltr' id='par_1_15' title="bbox 1051 4633 1100 4693">
     <span class='ocr_line' id='line_1_37' title="bbox 1051 4633 1100 4693; baseline 0 -29"><span class='ocrx_word' id='word_1_318' title='bbox 1051 4633 1100 4693; x_wconf 69' lang='lat'><strong>7.</strong></span> 
     </span>
    </p>
   </div>
   <div class='ocr_carea' id='block_1_15' title="bbox 0 0 1582 5294">
    <p class='ocr_par' dir='ltr' id='par_1_16' title="bbox 0 0 1582 5294">
     <span class='ocr_line' id='line_1_38' title="bbox 0 0 1582 5294; baseline 0 9"><span class='ocrx_word' id='word_1_319' title='bbox 0 0 1582 5294; x_wconf 95' lang='lat' dir='ltr'><strong> </strong></span> 
     </span>
    </p>
   </div>
  </div>
 </body>
</html>
