3154 5294
329 469 387 531 100
417 487 446 531 n.
458 485 561 530 saurus
572 485 602 530 rr.
614 485 643 530 r.
654 486 682 537 o.
692 484 721 528 u.
733 480 881 528 mnnsrus
891 462 967 548 (to).
987 462 1327 546 §Lamamnldtd

335 664 448 731 leudos
468 664 572 731 redire
589 685 647 754 per
666 663 826 753 reliquum
846 662 922 729 anni
938 661 1091 753 spatium,
1107 674 1140 729 et
1160 662 1205 729 sic
1224 686 1304 730 onus
1323 685 1398 729 cum

336 780 405 845 iure
437 777 571 844 militiae
608 775 787 854 ferebatur,
830 798 887 841 suo
925 776 1061 865 quisque
1100 788 1209 842 sumtu
1239 775 1401 842 militabat

335 905 525 984 partemque
549 890 685 981 praedae
713 890 891 980 accipiebat
914 900 1040 980 praeter
1059 912 1164 969 arma,
1188 912 1270 980 quae
1288 911 1400 979 respu-

335 1007 420 1073 blica
440 1003 656 1096 suppeditasse
675 1003 809 1069 ridetur.
843 1001 938 1068 Nunc
958 1025 1032 1069 vero
1052 1024 1132 1068 nora
1153 1004 1235 1067 ratio
1251 1000 1403 1080 invaluit,

339 1117 426 1208 quod
451 1117 490 1183 ad
511 1116 635 1208 pedites
656 1116 768 1182 saltem
789 1116 920 1195 attinet,
944 1115 1067 1206 equites
1087 1135 1173 1180 nunc
1193 1137 1259 1180 uon
1278 1137 1401 1194 moror;

338 1254 376 1296 cx
396 1253 493 1298 censu
513 1230 668 1295 tributum
686 1241 733 1295 est
749 1228 907 1294 indictum
927 1227 966 1293 ad
986 1226 1144 1318 stipendia
1162 1228 1319 1294 militibus
1337 1228 1403 1294 sol·

337 1345 439 1411 reuda
450 1394 459 1424 ,
483 1367 562 1436 quos
582 1343 703 1410 bellum
724 1342 839 1409 Veiens
859 1365 917 1432 per
935 1340 1044 1432 plures
1065 1354 1197 1407 aestates
1217 1341 1404 1432 hiemesque

339 1457 483 1525 retinuit.
530 1457 758 1548 Antiquissima
778 1457 969 1521 tributorum
1001 1454 1080 1520 ratio
1110 1455 1170 1520 sub
1200 1455 1325 1544 regibus
1352 1454 1414 1518 in-.

340 1571 440 1636 ualuit
459 1571 492 1636 in
514 1571 617 1660 capita
643 1570 782 1648 scilicet,
805 1567 908 1634 idest
930 1566 1054 1658 quoties
1074 1566 1211 1657 pecunia
1237 1589 1317 1658 opus
1338 1579 1407 1632 erat

342 1683 478 1761 civitati,
493 1704 650 1773 pauperes
666 1681 780 1747 eodem
805 1703 900 1746 onere
916 1679 1143 1770 premebantur
1161 1701 1225 1769 quo
1242 1679 1406 1757 ditissimi,

343 1796 430 1886 quod
468 1794 562 1860 nimis
600 1794 773 1860 absurdum
808 1792 950 1874 ridetur3
989 1804 1096 1882 postea
1130 1815 1228 1858 censu
1259 1793 1408 1859 instituto

342 1933 380 1975 cx
398 1931 436 1974 eo
456 1908 612 1973 tributum
630 1907 821 1998 imperatum
840 1918 900 1984 est;
917 1904 971 1971 sed
983 1904 1174 1995 Tarquinius
1185 1918 1322 1972 veterem
1338 1906 1406 1972 exi·

278 2086 282 2093 ,
342 2020 439 2113 gendi
456 2020 589 2086 modum
608 2021 782 2086 restituisse
799 2020 914 2099 fertur,
939 2018 1054 2084 iubens
1072 2018 1214 2109 singulos
1228 2042 1287 2110 pro
1303 2020 1411 2110 capite

341 2147 471 2200 centum
502 2157 583 2199 asses
608 2132 764 2223 pendere,
797 2132 885 2223 quod
912 2131 1130 2221 gravissimum
1161 2154 1240 2197 onus
1271 2145 1408 2221 tyranno

340 2247 540 2338 adscriptum*
554 2247 651 2312 fuisse
671 2246 833 2312 contendo
851 2270 869 2311 a
889 2245 1060 2311 senioribus
1079 2267 1143 2310 nou
1170 2244 1345 2336 adpensum
1366 2245 1409 2311 ab

340 2360 536 2453 aequalibus.
596 2359 701 2443 Quum
725 2359 853 2426 tandem
874 2358 936 2425 hoo
965 2380 1050 2423 auno
1076 2358 1269 2449 stipendium
1293 2358 1409 2425 militi-

340 2474 401 2538 bus
425 2472 622 2551 solvebatur,
646 2484 828 2561 quaestores
848 2471 928 2536 illud
953 2494 991 2537 ex
1011 2490 1108 2537 ceusu
1125 2472 1311 2562 erigebant3
1333 2473 1410 2540 hiae

340 2598 445 2677 patres
466 2585 587 2676 quippe
612 2585 668 2675 qui
690 2585 851 2665 ditissimi,
874 2585 970 2676 primi
989 2585 1161 2651 contulisse
1183 2586 1331 2653 feruutur
1358 2587 1411 2654 vel

342 2699 449 2790 potius
476 2697 627 2787 plaustris
655 2696 816 2764 advexisse
841 2719 893 2762 aes
913 2719 1016 2787 grave.
1034 2734 1081 2750 -
1100 2695 1172 2764 Non
1193 2698 1260 2764 sine
1287 2699 1410 2790 magnis

344 2809 603 2875 contentionibus
639 2832 720 2875 nova
757 2833 806 2875 res
840 2810 946 2900 potuit
978 2811 1146 2891 constitui,
1176 2834 1260 2902 quae
1288 2812 1410 2878 multos

344 2921 436 2988 valde
466 2921 646 3011 premebat,
677 2922 733 3011 qui
764 2945 852 2988 nunc
879 2923 1089 2989 conferebant
1114 2923 1198 3002 aliis,
1229 2947 1329 3014 quum
1351 2925 1412 3015 ipsi

345 3034 503 3126 stipendia
521 3034 618 3124 gratis
637 3047 832 3115 meruerant3
852 3058 931 3126 quas
957 3036 1104 3126 querelas
1132 3035 1173 3103 de
1195 3060 1284 3103 more
1302 3037 1413 3105 Livius

343 3147 417 3213 satis
444 3146 617 3237 perspicue
635 3147 772 3238 exponit
824 3146 909 3231 Quot
929 3171 1011 3214 asses
1030 3148 1148 3214 milites
1177 3147 1326 3241 deinceps
1356 3173 1414 3217 ac·

345 3260 488 3352 ceperint
517 3272 550 3326 et
581 3272 737 3351 quantum
766 3261 923 3327 tributum
951 3261 1074 3327 civibus
1103 3261 1288 3351 impositum
1315 3263 1416 3330 fuerit

345 3374 437 3440 rariis
449 3373 664 3462 temporibus,
685 3372 737 3439 hic
757 3374 834 3440 nolo
853 3374 1017 3465 persequi,
1034 3385 1171 3463 praestat
1185 3397 1296 3441 eorum
1313 3375 1416 3441 libros

347 3486 454 3564 adire,
479 3486 534 3576 qui
556 3485 642 3552 hunc
670 3488 775 3553 locum
804 3487 844 3552 de
869 3486 1024 3552 industria
1046 3499 1221 3554 tractarunt
1243 3500 1266 3553 ¹.
1302 3487 1414 3556 Unum

348 3610 473 3666 tantum
493 3620 657 3677 moneam,
681 3600 824 3690 suspicor
843 3621 959 3691 nempe
979 3599 1171 3689 stipendium
1192 3599 1337 3690 sequenti
1354 3598 1416 3665 de·

346 3735 437 3779 mum
467 3734 550 3776 anno
578 3712 776 3793 institutum,
808 3735 881 3778 nam
913 3712 1015 3779 fertur
1040 3735 1121 3778 nora
1146 3713 1225 3777 ratio
1253 3724 1320 3777 orta
1345 3733 1417 3778 esse

349 3836 480 3917 propter
495 3823 590 3890 Veios
606 3848 663 3914 per
681 3824 820 3891 hiemem
833 3847 963 3916 quoque
980 3825 1135 3904 obsessos,
1154 3847 1229 3915 ergo
1246 3824 1418 3891 ridebatur

351 3938 509 4004 historicis
532 3937 614 4004 illud
634 3939 785 4005 accidisse
806 3962 889 4005 anuo
909 3951 1001 4016 ante,
1020 3936 1074 4003 sed
1092 3950 1204 4004 natura
1219 3961 1324 4004 rerum
1341 3959 1416 4005 saa-

350 4052 419 4130 det,
452 4064 490 4116 ut
518 4050 695 4118 dummodo
715 4052 794 4118 haec
818 4051 956 4117 obsessio
986 4073 1020 4116 re
1039 4073 1111 4117 rora
1136 4050 1283 4117 instituto
1307 4073 1418 4118 ansam

352 4163 491 4242 dederit,
512 4164 616 4253 primo
633 4164 807 4230 obsidionis
825 4187 911 4230 anno
929 4176 1096 4254 vergente,
1114 4186 1173 4255 pro
1193 4164 1339 4255 longiore
1358 4187 1419 4231 ex·

350 4275 529 4369 peditione,
540 4299 650 4368 exqua
661 4278 750 4343 nulla
761 4276 878 4369 praeda
894 4277 1092 4368 potirentur,
1108 4276 1231 4369 populo
1241 4277 1419 4369 placuerit,

377 4526 398 4595 ¹)
415 4526 576 4594 Mamuardt,
593 4522 664 4576 Rem.
682 4522 788 4577 Altertlt.
806 4527 856 4578 111.
874 4540 902 4577 11.
923 4530 955 4579 ts
972 4541 1042 4596 sqq„
1063 4533 1112 4578 130
1129 4541 1183 4595 sqq.
