3210 5300
339 422 399 484 278
482 440 509 489 o
532 438 634 483 ruerus
655 439 686 481 u.
709 438 736 481 r.
760 436 788 479 u.
810 436 991 482 ueniamus
1011 436 1176 480 ueteranus
1196 421 1271 503 (17).

349 626 487 704 quatuor
504 614 682 705 legionibus
704 625 736 682 et
754 637 870 704 magno
889 615 1050 705 equitatu,
1069 613 1301 705 Campanisque
1323 617 1411 685 tuille

349 728 509 818 equitibus
528 726 661 793 delectis
685 739 718 792 et
742 748 818 794 eum
836 727 957 796 maiore
976 728 1116 794 exercitu
1135 728 1293 795 sociorum
1311 731 1416 799 uomi-

347 841 461 930 nisque
481 840 587 905 Latini
605 840 743 929 profecti
762 851 851 919 sunt,
869 840 947 908 dum
968 840 1157 909 Volumnius
1178 841 1347 932 imperium
1363 842 1415 911 oui

346 966 416 1019 erat
435 965 659 1043 prorogatum,
684 955 718 1022 iu
737 952 867 1022 Samnio
887 977 954 1021 rem
974 967 1111 1045 gereret,
1134 955 1225 1021 cuius
1244 978 1293 1023 res
1314 967 1416 1046 gestas

347 1068 497 1158 persequi
521 1090 586 1132 non
610 1078 657 1132 est
681 1066 775 1134 buius
799 1068 870 1133 loni.

392 1178 461 1245 Nec
491 1193 601 1244 tamen
629 1179 706 1245 huie
728 1180 871 1272 opinioni
892 1181 996 1249 obstat
1017 1182 1154 1251 Fabium
1174 1182 1280 1251 statim
1299 1181 1415 1249 subre-

345 1293 428 1357 nisse
457 1292 607 1370 Claudio,
643 1290 720 1358 dum
756 1291 872 1359 Decius
906 1304 1028 1360 ceteros
1058 1295 1214 1359 exercitus
1247 1294 1413 1376 scriberet;

347 1405 455 1469 Livius
476 1406 588 1470 saltem
609 1404 672 1469 tale
691 1404 768 1494 quid
786 1428 927 1473 annuere
947 1405 1082 1486 ridetur,
1107 1418 1138 1473 et
1159 1406 1203 1472 sio
1224 1406 1294 1475 erui
1309 1419 1416 1497 potest

347 1517 396 1596 id,
421 1516 507 1607 quod
537 1539 609 1581 cum
632 1517 730 1607 appii
749 1518 905 1608 Fabiique
923 1518 1098 1587 inimicitiis
1119 1542 1227 1585 ansam
1244 1519 1333 1589 dedit
1351 1521 1415 1589 fin·

346 1629 457 1720 gaudis
473 1630 733 1696 contentionibus
745 1630 821 1696 istis.
854 1631 923 1697 Hae
941 1644 1047 1699 autem
1065 1632 1160 1699 facile
1174 1644 1264 1701 erant
1281 1633 1415 1701 inventu

350 1731 521 1807 Annalium
552 1743 733 1808 auctoribus
762 1756 794 1809 et
819 1745 855 1811 iis
881 1743 1054 1839 historicis,
1078 1745 1134 1836 qui
1159 1745 1294 1813 oratorie
1313 1745 1415 1812 histo-

347 1855 427 1920 riam
447 1854 648 1935 eroelebant3
672 1857 791 1946 quibus
807 1857 839 1921 in
858 1857 1033 1927 inimicitiis
1054 1859 1239 1926 enarrandis
1253 1882 1348 1949 qnam
1365 1860 1416 1926 in·

347 1969 442 2057 genio
474 1990 530 2033 suo
560 1968 769 2046 indulserint,
795 1969 845 2035 rel
867 1969 975 2035 Liuius
995 1972 1138 2061 agnovit:
1174 1982 1290 2050 nsunt,
1310 1970 1415 2061 inquit

345 2080 622 2170 indignabundus,
655 2083 771 2171 quibus
801 2105 841 2147 ne
871 2080 948 2148 haec
974 2082 1104 2172 quidem
1125 2085 1298 2149 certamina
1317 2106 1417 2173 erpo·

347 2217 423 2260 uere
453 2194 525 2258 satis
560 2194 672 2274 fuerit;
704 2195 889 2263 adiecerunt
918 2208 949 2261 et
983 2196 1078 2286 appii
1108 2196 1344 2264 criminationes
1374 2194 1414 2261 de

345 2307 445 2372 Fabio
464 2308 596 2372 absente
619 2321 651 2372 et
672 2308 878 2398 pertinaciam
900 2307 1043 2375 eiusdem
1066 2308 1214 2376 adsersus
1236 2309 1414 2386 consulem,

346 2443 474 2487 necnon
503 2421 598 2487 aliam
625 2422 710 2487 inter
739 2421 876 2511 collegas
907 2422 1161 2500 contentionem3
1194 2435 1338 2487 constare
1366 2445 1415 2488 res

343 2535 457 2624 incipit
487 2558 524 2600 er
554 2557 591 2601 eo
625 2548 784 2625 tempore,
816 2557 881 2624 quo
906 2534 1045 2626 profecti
1074 2533 1171 2600 ambo
1200 2534 1345 2601 consules
1376 2535 1414 2601 ad

344 2648 467 2713 bellum
494 2652 598 2714 sunt.'’

391 2761 571 2826 Redeamus
585 2760 622 2825 ad
635 2783 794 2851 pugnam,
811 2783 874 2850 qua
884 2759 1043 2850 Scipionis
1055 2758 1139 2850 legio
1156 2758 1261 2825 deleta
1271 2772 1320 2826 est
1334 2763 1365 2826 ἐν
1375 2772 1413 2845 τῇ

346 2873 528 2954 Konopeion
543 2875 648 2958 χώρᾳ,
671 2886 706 2939 ut
721 2874 871 2961 Polybius
889 2871 1003 2952 babet,
1021 2873 1131 2941 autad
1151 2871 1308 2952 Clusium,
1327 2874 1414 2965 quod

347 2984 425 3049 olim
458 2983 586 3050 Camars
616 2985 834 3076 appellabant,
869 2996 904 3050 ut
933 2986 1041 3051 Livius
1061 2986 1193 3075 scripsit.
1241 2986 1308 3052 Viri
1328 2987 1416 3054 docti

348 3098 380 3161 iu
403 3097 524 3162 diversa
553 3097 762 3164 discesserunt
782 3097 869 3188 quod
898 3098 937 3164 ad
962 3099 1070 3165 locum
1092 3097 1185 3164 huius
1204 3099 1320 3190 proelii
1341 3102 1415 3166 atti·

347 3223 416 3289 net,
440 3210 635 3277 Niebubrius
658 3224 666 3259 ¹
702 3212 875 3300 Polybium
905 3211 1048 3301 sequitur
1077 3211 1269 3303 Liviumque
1297 3237 1415 3281 errasse

347 3325 457 3390 statuit
478 3325 625 3416 opinatus
643 3325 675 3390 in
697 3325 831 3392 Umbria
853 3337 1030 3414 pugnatum
1051 3347 1132 3404 esse;
1156 3326 1320 3395 Haalrbius
1335 3349 1415 3394 con-

347 3453 394 3504 tra
425 3438 510 3503 illius
540 3439 723 3528 opinionem
746 3437 864 3504 refellit
887 3437 1059 3527 perhibens
1084 3439 1328 3528 intelligendum
1350 3465 1415 3510 esso

350 3549 493 3617 Clusium
508 3552 571 3616 sire
582 3550 717 3616 alterum
729 3551 809 3616 illud
822 3550 975 3642 oppidum
989 3549 1132 3631 Camars,
1145 3552 1232 3642 quod
1244 3554 1277 3617 in
1288 3553 1415 3620 Etruria

348 3687 365 3727 a
397 3664 518 3728 colonis
547 3662 685 3729 Clusinis
712 3663 878 3731 conditum
901 3663 1016 3744 credit,
1047 3678 1082 3731 ut
1113 3679 1240 3757 supra2
1270 3666 1413 3733 vidimus.

348 3777 507 3866 Equidem
526 3777 697 3864 Polybium
714 3799 839 3867 sequor,
854 3801 928 3843 nam
946 3779 1095 3843 convenit
1112 3779 1180 3847 eius
1196 3779 1412 3849 testimonium

348 3912 422 3954 cum
444 3889 550 3961 Livio.
575 3891 631 3979 qui
653 3891 848 3956 mentionem
879 3889 1061 3957 Camertum
1092 3915 1192 3981 quum
1213 3916 1277 3959 non
1298 3915 1412 3962 conco·

350 4015 462 4093 queret
480 4025 553 4068 cum
572 4003 772 4093 expeditione
791 4004 907 4082 Tusca,
926 4004 965 4069 ad
985 4005 1150 4094 antiquam
1166 4007 1412 4098 appellationem

348 4116 476 4182 ridetur
492 4139 696 4208 provocasse3
720 4117 799 4184 haec
818 4119 992 4184 Tuscorum
1013 4131 1045 4184 et
1067 4119 1167 4187 Clusii
1187 4122 1308 4188 mentio
1330 4120 1414 4188 unde

349 4229 464 4318 pedem
493 4229 653 4310 intulerit,
686 4232 780 4297 facile
810 4232 959 4323 explicari
986 4245 1107 4323 potest,
1140 4257 1214 4303 nam
1243 4233 1284 4303 de
1316 4233 1415 4304 Gallis

377 4478 397 4545 η
413 4476 447 4529 R.
466 4477 496 4532 G.
515 4481 566 4531 111.
586 4486 633 4532 441
654 4499 679 4534 n.
699 4485 759 4536 oar.
828 4479 850 4552 ²)
867 4483 905 4537 ct.
924 4500 980 4552 pag.
999 4491 1058 4540 aso.
1173 4507 1175 4513 ·
