3210 5300
338 437 360 519 ᾗ
383 436 430 501 ll.
451 454 587 502 narraras
607 452 733 500 munros
750 437 820 500 54&
840 437 861 520 ς
883 440 931 502 16.
952 452 1061 501 conano
1083 439 1117 501 V.
1138 437 1207 500 545.
1247 437 1307 500 ³43

553 664 572 749 5
600 665 650 729 15.
699 658 826 728 Consul
846 660 885 729 V.
911 666 988 731 nto.

387 859 416 923 o.
433 859 534 909 riorus
551 861 580 924 Q.
597 861 622 911 r.
640 861 668 924 n
685 860 714 910 n.
732 859 863 908 narinus
881 859 1075 910 rernucossos
1093 861 1107 908 r
1124 857 1144 908 ¹.

388 943 414 1006 Q.
433 943 549 992 rnnrrns
567 946 598 994 n.
616 945 641 994 s.
659 945 688 1008 Q.
703 945 731 994 rt
750 944 869 993 satuens
888 944 927 993 u.

283 1075 487 1144 Pervenimus
505 1075 546 1143 sd
564 1078 714 1144 ultimum
733 1076 934 1145 cunctatoris
950 1077 1152 1145 consulatum
1171 1090 1202 1158 ²,
1226 1100 1302 1147 nam

237 1189 315 1256 nolo
332 1189 462 1257 haerena
481 1190 516 1255 in
535 1192 693 1258 sententia
712 1189 866 1282 quadam,
890 1214 986 1282 quam
1007 1213 1027 1256 a
1048 1191 1139 1258 Lirio
1160 1202 1173 1242 ⁸
1203 1190 1300 1259 indu·

232 1303 319 1368 oitnr
345 1303 566 1394 pronuntiasse
592 1304 627 1370 in
655 1315 782 1383 senatu,
815 1302 886 1394 quis
916 1325 1035 1394 quaeso
1063 1303 1180 1371 talibus
1201 1303 1300 1372 fidem

235 1412 375 1481 babeat?

282 1525 427 1593 Vidimus
443 1550 536 1619 snpra
558 1528 772 1596 Hannibalem
795 1532 962 1596 ennodio
981 1528 1154 1596 Tarentum
1171 1529 1300 1611 adiisse,

234 1639 337 1719 unde,
360 1663 459 1731 quum
482 1642 604 1708 nullam
625 1642 815 1733 proditionis
835 1666 924 1734 spem
944 1641 1091 1723 haberet,
1112 1667 1144 1710 se
1163 1645 1301 1712 eontulit

233 1752 394 1844 Salapiam
412 1777 497 1821 anno
515 1760 597 1835 5423
621 1756 756 1846 explosit
777 1755 913 1822 liuius⁴
937 1755 1071 1823 alteram
1085 1756 1203 1823 lamam
1222 1780 1300 1848 pro-

232 1867 318 1933 ximo
345 1889 430 1933 anno
452 1867 604 1934 delenisse
625 1868 815 1948 Tarentum,
838 1869 925 1958 oepit
951 1891 1022 1935 earn
1050 1868 1177 1948 urbem,
1202 1891 1299 1958 qnam

233 1980 339 2046 tenuit
360 2002 460 2070 usqne
487 1980 527 2045 ad
555 2003 675 2046 annum
704 1986 769 2049 545
801 1981 950 2048 ultimum
974 1981 1142 2070 refugium.
1190 1980 1299 2072 Capua

230 2092 318 2158 euim
348 2092 409 2157 iam
439 2115 521 2158 anno
551 2097 616 2158 543
644 2092 769 2158 devicta
799 2105 866 2159 erat
891 2105 924 2159 et
948 2104 1040 2183 napta
1058 2118 1076 2159 a
1095 2094 1248 2161 Romanis
1269 2109 1298 2175 ⁶,

227 2205 321 2295 atqui
339 2205 464 2270 fallitur
480 2203 592 2272 (lioero
609 2219 622 2257 ⁸
642 2206 782 2272 scribens
800 2207 826 2271 F
827 2206 901 2272 abio
921 2206 1052 2272 consule
1073 2205 1215 2297 Capuam
1232 2228 1299 2273 esse

227 2318 403 2397 devictam,
429 2319 554 2410 ¹quippo
586 2319 675 2409 quod
703 2318 861 2386 acciderat
889 2319 1074 2385 oonsulibus
1102 2317 1161 2387 (ln.
1181 2321 1207 2385 F
1210 2319 1296 2385 ulvio

226 2443 263 2498 et
292 2431 326 2498 P.
359 2430 518 2523 Sulpicio,
552 2455 634 2522 quae
667 2432 798 2498 nomina
826 2431 1003 2498 Lanrbinus
1030 2433 1114 2498 insto
1145 2429 1295 2498 audacius

228 2545 434 2611 rescribenda
453 2557 571 2612 censet.

274 2657 376 2748 Igitur
392 2658 442 2723 sir
453 2658 486 2723 in
498 2658 612 2723 ultima
629 2657 722 2723 ltalia
737 2656 859 2747 aliquid
871 2655 1001 2747 gerebat
1012 2657 1152 2738 Poenus,
1172 2657 1295 2723 etiamsi

227 2771 389 2838 Romanos
401 2781 530 2837 externa
548 2769 846 2861 bellaprenrebant3
868 2769 962 2835 ambo
981 2770 1127 2835 eonsules
1146 2770 1293 2850 aberant,

224 2905 304 2974 ergo
321 2883 458 2949 dictator
477 2884 678 2949 comitiorum
706 2905 797 2949 eausa
825 2882 929 2947 dictus
947 2894 1009 2961 est,
1034 2906 1116 2973 quae
1135 2906 1199 2950 non
1227 2884 1295 2951 sine

226 3019 342 3087 magna
375 2997 586 3063 contentione
612 2995 721 3062 habita
754 3007 844 3075 sunt,
882 2996 1021 3086 denique
1052 2998 1119 3087 ipse
1155 2997 1293 3065 dictator

223 3110 340 3176 oonsul
359 3121 482 3176 oreatus
501 3122 547 3175 est
563 3130 637 3176 oum
658 3108 867 3203 Qunotatore,
888 3110 975 3200 quod
995 3122 1176 3200 temporum
1197 3134 1291 3180 causa

223 3224 382 3290 eoncessit
400 3235 535 3290 senatus.

273 3336 454 3427 Antequam
475 3335 623 3401 eonsules
640 3336 672 3400 in
689 3335 865 3426 provincias
883 3335 1021 3426 profecti
1046 3346 1133 3414 sunt,
1157 3335 1254 3426 legati
1276 3350 1290 3391 ⁷

222 3450 395 3518 duodecim
410 3447 606 3527 coloniarum
624 3448 759 3516 Romam
771 3460 925 3514 venerunt
935 3448 976 3513 de
986 3447 1064 3513 belli
1079 3446 1289 3517 diuturnitate

223 3575 409 3655 querentes,
438 3561 525 3651 quod
555 3561 648 3627 nirnis
677 3562 772 3626 molti
800 3561 1054 3642 absumerentur,
1086 3559 1130 3627 ita
1159 3574 1196 3627 ut
1228 3586 1287 3629 ne·

223 3698 288 3769 qne
314 3678 433 3743 milites
461 3699 567 3766 neque
595 3677 730 3767 pecunia
760 3686 949 3766 superesset,
974 3696 1045 3740 mor
1066 3696 1141 3764 ergo
1159 3674 1228 3740 fore
1248 3689 1284 3742 nt

222 3791 356 3881 imperio
373 3790 517 3856 Romano
537 3813 570 3855 se
590 3787 809 3868 detraherent3
833 3787 1011 3854 ootodeoim
1034 3786 1114 3852 aliae
1139 3788 1283 3856 coloniae

220 3925 305 3993 quae
333 3903 530 3981 deiecerant,
562 3924 664 3992 quum
684 3900 847 3967 Hannibal
872 3901 912 3967 ad
934 3923 986 3966 eas
1005 3901 1212 3991 pervenisset,
1236 3904 1283 3970 nil

248 4160 270 4227 ¹)
287 4161 357 4212 Faet-
374 4160 435 4226 Cup.
455 4165 503 4211 537
511 4183 518 4222 ;
536 4161 595 4210 le·
613 4159 731 4210 XXVII.
750 4163 780 4220 6,
800 4162 813 4209 7
821 4182 828 4219 3
846 4158 898 4210 (lle.
915 4156 991 4209 Brut.
1012 4165 1042 4210 18
1062 4161 1077 4224 §
1096 4165 1143 4224 72,
1160 4160 1218 4228 by.
1237 4180 1291 4230 qu.

209 4247 253 4299 11.
266 4253 299 4297 33
311 4249 325 4311 ξ
336 4252 382 4305 90;
397 4247 501 4309 Eutrop.
516 4246 568 4294 111.
586 4248 631 4304 to;
647 4243 718 4296 Oros.
733 4246 782 4295 IV.
801 4249 845 4304 18;
860 4244 985 4305 Cassiod.;
1001 4246 1054 4295 An.
1069 4246 1144 4307 Nom
1158 4248 1226 4300 uasa.
1238 4249 1289 4301 sio.

205 4327 237 4394 ‘l
253 4331 309 4381 Lis.
327 4330 446 4382 XXVII.
465 4333 565 4387 6-21;
588 4330 691 4393 Eutrop
709 4330 759 4378 111.
782 4334 827 4388 163
850 4328 922 4381 Oros.
939 4331 989 4380 IV.
1015 4335 1059 4389 183
1081 4330 1171 4382 Ζοηω.
1194 4333 1244 4385 ΙΧ.
1264 4340 1289 4385 8.

206 4412 237 4480 ⁵)
253 4414 349 4466 XXVI
367 4420 393 4470 8,
426 4411 447 4473 ¹¹)
465 4412 554 4464 XXV.
576 4417 615 4463 11.
650 4410 670 4475 ‘t
687 4413 777 4478 Polyb.
787 4414 864 4464 vm.
883 4417 999 4474 26-36ς
1017 4415 1074 4465 Lis.
1089 4414 1179 4469 XXV.
1195 4421 1287 4470 7-11.

203 4497 234 4567 ⁶)
251 4494 310 4565 Lep.
328 4513 381 4564 aar.
398 4499 435 4548 11.
454 4502 487 4547 aa
508 4499 522 4561 ς
540 4502 581 4547 ao.
634 4494 654 4564 ⁷)
671 4498 728 4548 Lis.
747 4497 864 4550 XXVII.
884 4503 913 4559 a,
934 4504 973 4549 ιο.
