3194 5302
202 456 207 465 '
316 456 353 531 1'4
696 471 717 551 5
737 471 765 532 3.
788 489 867 533 rnen
887 488 1021 533 tornaci.

317 670 462 749 hostem,
487 672 547 738 nisi
571 692 695 762 semper
722 672 801 738 nudi
827 673 965 753 fuerint3
990 686 1022 739 at
1043 674 1171 741 obiiciat
1192 676 1277 765 quis,
1306 675 1380 744 hos-

318 796 365 850 tes
391 798 541 850 exuerant
568 797 710 875 pastores
735 785 826 866 illos3
853 787 922 852 noli
944 786 1091 865 credere,
1115 810 1188 853 narn
1209 812 1226 854 a
1246 790 1381 856 latroni-

316 897 376 963 bus
400 897 510 963 nudati
536 920 593 964 our
616 899 650 965 in
668 900 762 965 sacris
782 901 953 991 quotannis
972 901 1070 967 cladis
1091 901 1277 969 memoriam
1296 905 1381 970 cele-

315 1008 462 1091 brarent,
491 1036 508 1076 a
540 1035 603 1102 qua
633 1037 667 1079 re
690 1013 787 1104 paulo
814 1013 935 1081 diversa
954 1014 1036 1081 ratio
1057 1015 1089 1079 in
1111 1015 1210 1081 cladis
1234 1016 1381 1083 Alliensis

314 1125 483 1204 memoria,
502 1139 538 1190 ut
559 1127 704 1217 exemplo
724 1139 805 1196 utar.
835 1108 982 1218 Denique
1000 1128 1139 1195 latrones
1157 1130 1233 1195 istos
1252 1129 1381 1195 nudita-

314 1236 353 1302 tis
383 1259 476 1307 causa
502 1251 626 1305 tanturn
655 1241 847 1331 excogitatos
877 1264 1009 1332 sperno,
1042 1264 1102 1307 nec
1130 1264 1204 1311 cnm
1232 1242 1379 1311 Haalrlrio

312 1349 407 1416 buius
436 1351 565 1418 fabulae
593 1352 746 1443 originem
781 1353 881 1419 latere
909 1355 1052 1445 suspicor
1074 1355 1108 1420 in
1133 1353 1225 1420 clade
1250 1353 1380 1423 Creme-

313 1464 413 1544 rensi,
434 1462 497 1530 boc
517 1466 602 1531 enim
620 1465 822 1557 aliquantum
841 1468 935 1533 nimis
955 1478 1054 1546 esset,
1074 1480 1107 1533 et
1124 1492 1193 1534 mea
1209 1468 1378 1557 explicatio

312 1578 375 1644 iam
400 1578 516 1646 sufficit
541 1581 664 1669 opinor.

358 1690 538 1760 Currebant
570 1695 620 1759 illi
648 1693 783 1760 solemni
803 1694 852 1759 via
870 1693 953 1759 eirca
974 1693 1171 1774 Palatinum,
1199 1696 1254 1785 qui
1275 1693 1378 1773 loona,
1468 1693 1471 1697 ’

312 1819 424 1898 utpote
454 1809 583 1896 antiqua
611 1818 773 1897 pastorum
801 1806 931 1873 illorum
962 1805 1067 1885 sedes,
1096 1819 1163 1874 erat
1185 1806 1379 1874 subruendus

310 1933 382 2012 post
401 1908 515 2013 populi
534 1921 756 1987 lustrationem
778 1931 809 1985 et
830 1943 918 1985 saera
937 1921 998 1985 rite
1019 1918 1238 1986 administrata
1257 1918 1306 1985 dis
1327 1921 1379 1986 in-

310 2034 384 2101 seris
415 2036 610 2126 superisque.
655 2035 789 2102 Nullum
809 2035 918 2126 itaque
937 2056 1117 2101 eonsensun
1136 2057 1202 2101 esse
1221 2032 1378 2123 perhibeo

310 2149 487 2240 Lupercale
508 2173 631 2217 sacrum
655 2150 737 2216 inter
757 2161 788 2215 et
807 2149 924 2217 Fabiae
942 2149 1045 2238 gentis
1063 2171 1112 2214 res
1133 2158 1235 2238 gestas
1246 2147 1286 2213 ad
1299 2145 1377 2213 Gre-

310 2285 432 2329 meram
461 2276 494 2329 et
522 2263 562 2329 ad
592 2263 726 2342 Alliam,
760 2286 855 2353 quem
884 2262 1001 2328 frustra
1025 2261 1161 2351 probare
1182 2272 1313 2326 conatus
1330 2272 1377 2326 est

308 2375 430 2456 Pseud,
449 2377 543 2442 nimis
564 2377 706 2443 tribuens
725 2376 877 2442 seriorum
898 2374 1181 2465 descriptionibus,
1201 2372 1257 2464 qui
1273 2373 1376 2439 aliena

309 2489 410 2555 multa
430 2489 495 2556 huc
517 2504 688 2557 traxerunt.
712 2489 785 2556 Non
801 2490 886 2554 enirn
898 2489 975 2555 belli
994 2489 1100 2576 imago
1122 2499 1203 2565 erat,
1223 2508 1305 2577 qnae
1323 2485 1376 2551 hic

308 2602 424 2692 pedem
442 2605 568 2684 intulit,
586 2617 623 2669 ut
644 2603 761 2694 duplex
783 2602 861 2668 ordo
883 2602 1102 2693 Lupercorum
1124 2600 1344 2690 explicaretur.

353 2717 440 2782 Duos
458 2717 574 2782 horum
598 2716 798 2782 sacerdotum
825 2715 951 2782 ordines
970 2737 1036 2780 non
1056 2713 1206 2780 Euander
1223 2713 1375 2790 instituit,

309 2831 440 2921 opinor,
470 2852 581 2895 rerum
603 2830 651 2894 nil
671 2828 758 2894 aliud
783 2829 908 2905 subest,
936 2850 1033 2918 quam
1055 2826 1192 2917 duplicis
1212 2826 1318 2917 stirpis
1338 2849 1375 2893 er

308 2965 372 3032 qua
390 2943 530 3033 populus
551 2942 713 3008 Romanus
732 2942 872 3020 coaluit,
898 2940 1075 3030 vestigium.
1111 2939 1375 3029 Antiquissimum

308 3077 432 3120 sacrum
453 3080 469 3121 a
489 3056 640 3122 Romanis
662 3055 901 3133 celebrabatur,
922 3053 1010 3144 quod
1029 3052 1375 3119 indicatloonslustra-

307 3168 420 3247 tionis,
449 3181 621 3260 antequam
647 3169 759 3238 Sabini
781 3178 995 3244 accesserunt,
1025 3188 1107 3256 quae
1127 3189 1203 3255 gens
1221 3188 1321 3256 quum
1341 3188 1374 3232 se

305 3282 452 3348 misceret
482 3282 662 3363 Romanae,
690 3283 723 3348 in
753 3306 788 3348 re
818 3302 902 3361 sacra
925 3280 968 3345 ita
989 3277 1071 3344 illud
1092 3278 1199 3344 locum
1221 3278 1373 3358 obtinuit,

305 3406 341 3459 ut
369 3396 536 3484 separatim
557 3395 636 3460 ordo
658 3395 907 3479 Quinctiliorum
926 3417 984 3483 pro
1005 3392 1156 3458 Romanis
1179 3413 1266 3457 sacra
1284 3392 1373 3457 faee-

304 3519 370 3586 ret,
400 3507 571 3573 Fabiorum
600 3508 678 3573 ordo
696 3531 756 3598 pro
776 3506 918 3586 Sabinis,
947 3505 1034 3596 quod
1054 3506 1235 3572 institutum
1253 3505 1373 3596 perdu-

305 3621 385 3687 ravit
411 3620 452 3686 ad
480 3619 620 3686 Caesaris
641 3644 742 3712 usque
762 3633 923 3710 tempora,
950 3620 1006 3709 qui
1024 3619 1154 3685 tertium
1176 3619 1300 3685 addidit
1317 3617 1373 3683 Iu-

303 3734 421 3800 liorum
441 3733 585 3800 ordinem
599 3748 620 3800 ¹.
661 3733 777 3800 Fabios
797 3745 904 3799 autern
926 3756 984 3823 pro
1004 3730 1132 3798 Sabinis
1154 3754 1240 3799 saera
1260 3730 1372 3797 fecisse

301 3860 435 3938 propter
451 3869 562 3912 eorum
583 3848 717 3936 patriam
737 3846 906 3913 verisimile
924 3868 992 3913 esse
1011 3844 1157 3930 ridetur,
1180 3858 1212 3911 et
1222 3868 1372 3935 compro-

217 3974 219 3978 ’
303 3960 399 4026 batur
416 3983 470 4038 eo,
500 3960 587 4050 quod
610 3959 776 4045 Quinctilii
796 3960 915 4026 fuerint
935 3959 1068 4025 Latinae
1086 3959 1210 4049 stirpis,
1231 3973 1266 4025 ut
1286 3970 1371 4025 reete

304 4071 383 4136 dixit
400 4069 588 4150 Niebuhr2,
615 4073 668 4137 cni
685 4095 751 4137 non
768 4084 838 4137 erat
857 4093 916 4136 cur
933 4069 1101 4160 Gb‘ttlingt
1125 4070 1372 4160 obloqueretur,

303 4207 377 4249 narn
398 4196 521 4251 constat
539 4184 657 4251 diserto
678 4185 846 4274 Dionysii⁴
869 4183 1049 4253 testimonio
1067 4207 1120 4249 eos
1140 4183 1221 4249 aloa
1236 4184 1370 4249 Romam

329 4476 758 4544 ¹)DioCass.XLIV.6;Suet.
782 4476 910 4532 Ooocells.
963 4475 983 4545 ²)
1002 4475 1036 4530 R.
1056 4476 1089 4533 G.
1107 4480 1130 4531 Ι.
1149 4483 1208 4531 337.
1262 4477 1282 4548 ³)
1300 4477 1371 4529 Rom.

301 4560 491 4631 Stuotsversass.
513 4569 569 4614 194.
639 4563 660 4632 ¹⁶>
678 4565 728 4614 III.
749 4569 790 4613 29.
