3210 5300
272 508 275 515 Ι
295 418 316 501 t
336 419 365 479 6.
387 431 529 478 nrcrrroa
548 417 617 479 6³3.
639 416 660 499 ᾗ
681 418 709 481 7.
731 434 863 479 unsaros
883 434 1090 481 esnrnromnu
1110 419 1180 483 536.
1226 422 1293 483 ³112

221 611 486 704 aggrederentur,
510 624 546 679 ut
563 609 719 678 Lentulus
740 612 904 703 cupiebat,
928 635 968 680 an
989 636 1026 680 cr
1048 613 1084 698 Q.
1100 614 1191 680 Fabii
1207 637 1280 681 sen·

219 726 318 811 tentia
332 725 470 817 primum
486 724 667 791 mitteretur
681 724 798 815 legatio
812 724 852 791 ad
869 725 1125 820 percunctandos
1141 725 1279 807 Poenos;

218 838 360 930 denique
389 849 524 928 utraque
551 838 707 904 sententia
726 838 823 919 sicit,
845 861 921 906 uam
939 851 972 906 et
990 839 1113 905 bellum
1133 851 1282 932 paratum

216 963 319 1021 estet
342 950 457 1041 legatio
482 950 707 1042 Carthaginem
730 953 832 1019 missa.

263 1064 300 1150 Q.
317 1065 432 1131 Fabius
447 1078 554 1133 noster
569 1066 718 1157 princeps
732 1079 799 1133 erat
814 1065 996 1157 legationis,
1011 1066 1101 1132 cuins
1117 1066 1183 1156 ipse
1201 1087 1281 1133 auo-

219 1190 270 1247 tor
296 1179 472 1258 exstiterat3
501 1201 574 1246 cum
600 1182 638 1247 ll.
659 1178 751 1246 Livio
773 1180 932 1246 consulari
952 1181 1027 1245 anni
1044 1178 1261 1269 praecedentis
1269 1218 1284 1259 ,·

218 1291 256 1357 L.
278 1291 430 1371 Aemilio,
455 1289 491 1358 (l.
511 1292 637 1358 Licinio
657 1304 688 1359 et
711 1291 748 1377 Q.
768 1292 886 1359 Baebio
902 1292 1063 1383 proiectus
1078 1304 1126 1359 est
1145 1290 1282 1359 Cartba-

218 1404 323 1495 ginem
352 1405 390 1470 ad
418 1404 673 1495 percunctandos
697 1404 820 1472 Poenos
841 1406 1016 1496 publicone
1035 1404 1169 1472 consilio
1189 1405 1280 1472 Hau·

217 1518 304 1585 nibal
326 1517 502 1609 Saguntum
530 1529 757 1609 oppugnasset,
786 1518 874 1609 quod
900 1519 926 1584 si
945 1531 1045 1599 esset,
1069 1518 1191 1585 bellum
1211 1528 1280 1585 erat

217 1630 424 1699 indicendum
460 1644 515 1697 aut
546 1631 711 1698 Hannibal
738 1631 902 1698 deditione
935 1630 1116 1698 tradendus.
1172 1628 1279 1697 Verbo

215 1741 353 1808 sufficiat
374 1741 443 1809 Silii
463 1743 601 1833 attigisse
619 1765 774 1822 errorem,
798 1765 894 1832 quem
915 1741 1038 1832 fugerat
1057 1742 1146 1833 prior
1164 1742 1280 1834 legatio

216 1855 360 1925 Romana
379 1853 572 1950 Saguntum,
595 1856 640 1921 ita
670 1867 705 1921 ut
725 1855 861 1922 Fabium
881 1856 1096 1923 decantaverit
1119 1856 1183 1923 inm
1203 1869 1282 1922 tnnc

216 1969 398 2060 proiectum
418 1991 484 2035 csse
506 1969 621 2037 auditis
642 1968 891 2059 Saguntinorum
909 1968 1058 2058 querelis.

261 2080 335 2147 Non
351 2081 458 2147 multis
472 2082 632 2172 disputare
654 2081 809 2148 attinebat
828 2081 868 2147 de
888 2079 1045 2171 Sagunto,
1071 2079 1158 2170 quod
1178 2080 1280 2147 inter·

215 2217 253 2261 ea
289 2195 351 2261 iam
379 2207 510 2283 captum
537 2207 619 2274 erat,
653 2217 713 2261 neo
740 2207 864 2284 tempus
892 2205 959 2259 erat
992 2192 1186 2272 hariolandi,
1216 2194 1283 2261 iam

215 2305 338 2375 bellum
367 2306 515 2373 instabat.
560 2307 706 2399 Denique
738 2307 802 2374 dur
831 2307 998 2397 legationis
1027 2306 1145 2372 Fabius
1174 2320 1283 2374 noster

213 2419 285 2485 unu
313 2442 350 2485 er
369 2432 442 2510 toga
463 2421 547 2487 iacto
577 2420 660 2488 »hic
680 2421 783 2500 robis,
808 2421 929 2510 inquit,
953 2418 1076 2485 bellum
1106 2430 1138 2485 et
1166 2444 1280 2510 pacem

216 2544 393 2623 portamus,
418 2545 525 2600 utrum
546 2533 652 2623 placet
681 2534 830 2612 sumite?
855 2532 914 2598 sub
943 2530 1029 2597 hanc
1055 2553 1165 2597 rocem
1194 2532 1280 2599 haud

215 2644 321 2711 minus
340 2645 490 2713 ferociter
514 2647 648 2728 odoret,
671 2660 778 2712 utrum
803 2645 934 2724 rellet‚’'
966 2645 1194 2713 succlamatum
1218 2660 1281 2726 cst;

216 2770 295 2824 tunc
321 2780 450 2826 excusso
472 2761 506 2825 in
526 2760 631 2826 media
651 2761 739 2827 curia
761 2773 851 2851 togae
873 2759 943 2824 sinu
964 2781 1027 2825 noo
1049 2758 1115 2825 sine
1133 2759 1280 2836 horrore,

214 2872 305 2961 quasi
325 2872 422 2962 plano
440 2874 512 2939 sinn
534 2874 658 2940 bellam
682 2872 795 2952 ferret,
819 2872 933 2940 effudit
951 2884 983 2938 et
1006 2894 1038 2938 se
1059 2872 1182 2939 bellum
1202 2874 1280 2941 dare

215 2984 313 3066 dirit3
349 2985 435 3076 quod
462 2986 558 3054 Poeni
594 2987 736 3078 accipere
766 3011 799 3053 se
830 3010 939 3055 omnes
968 2986 1222 3078 responderunt,
1249 3000 1288 3054 et-

215 3097 333 3188 quibus
351 3100 531 3190 acciperent
550 3100 676 3179 animis,
699 3099 811 3165 iisdem
833 3123 866 3165 se
886 3110 1037 3188 gesturos.

261 3209 350 3278 Idem
382 3212 495 3277 Florus
524 3212 651 3291 retulit,
680 3212 713 3276 in
740 3213 830 3277 cuius
849 3212 956 3278 locum
976 3212 1102 3302 irrepsit
1122 3212 1280 3303 interpre-

215 3335 393 3391 tamentum
420 3326 454 3390 in
482 3324 599 3391 verbis:
635 3324 942 3414 »tergiversantibus
962 3324 1075 3388 Poenis
1097 3324 1169 3389 dux
1188 3325 1281 3414 legor·

214 3441 337 3517 tionis,
371 3440 502 3528 >›quae''
535 3437 657 3528 inquit,
692 3460 808 3502 »mora
840 3437 932 3503 est?’'
965 3436 1094 3501 Fabius
1124 3437 1185 3501 »in
1217 3434 1280 3501 hoc

216 3573 275 3640 ego
295 3551 367 3616 sinu
386 3550 507 3618 bellum
526 3572 703 3640 pacemque
721 3552 868 3640 porto''''.
911 3549 1079 3614 Verissime
1096 3548 1159 3612 iam
1180 3548 1280 3614 Grae·

215 3663 284 3728 rius
311 3662 388 3728 vidit
413 3664 446 3728 in
470 3663 625 3729 absonum
650 3662 757 3728 locum
777 3662 926 3752 migrasse
948 3661 1037 3727 ducis
1059 3683 1192 3740 nomen,
1218 3684 1277 3727 neo

214 3786 264 3840 est
281 3798 370 3864 ergo,
392 3797 448 3841 cur
462 3776 649 3841 norissimus
664 3775 752 3841 Flori
767 3775 871 3841 editor
899 3775 1154 3865 tergiversoretur
1169 3787 1277 3840 utrum

215 3887 407 3954 vocabulum
442 3901 522 3957 esset
551 3887 741 3968 delendum,
774 3891 837 3955 acsi
863 3870 969 3978 priore
1000 3887 1107 3955 deleto
1141 3888 1276 3954 alterum

215 4024 273 4067 suo
297 4000 369 4066 loeo
393 4001 561 4090 legeretur

261 4114 299 4179 In
317 4114 427 4180 llionis
444 4127 591 4206 excerpto
608 4138 732 4181 necnon
749 4115 835 4207 apud
854 4115 1007 4181 Zonaram
1021 4113 1173 4180 ridiculus
1189 4136 1280 4181 error

213 4228 348 4319 legitur,
379 4228 447 4294 noli
477 4229 563 4294 enim
592 4228 720 4295 credere
745 4229 833 4295 hunc
856 4229 1014 4320 scripsisse
1042 4228 1055 4291 ὁ
1080 4227 1233 4309 Μάρκος
1261 4229 1275 4292 o‘

215 4342 334 4421 Φάβιος
358 4342 418 4417 τὰς
436 4351 559 4424 ’χεῖρας
589 4342 647 4408 ὑπὸ
672 4344 709 4409 'rl
739 4343 863 4424 ἱμάτιον
892 4343 1060 4421 ὑποβαλών
1089 4340 1170 4420 xri„
1202 4366 1276 4409 nam

215 4440 313 4541 ruodo
341 4454 479 4529 cundem
508 4454 629 4525 dixerat
660 4455 814 4525 Κόϊντον
847 4454 965 4535 Φάβιον
990 4453 1156 4535 Μάξιμον,
1188 4455 1289 4547 quod·
