3154 5294
323 451 381 513 176
564 472 591 521 ο.
612 469 713 512 ruerus
734 466 853 522 armon,
876 466 1045 512 ursromens
1065 449 1139 532 (36).

418 646 546 726 Martis,
580 647 685 712 subito
723 646 878 712 imbribus
907 647 1170 736 tonitrubusqne,
1203 667 1286 735 quae
1316 667 1390 711 eum

415 760 468 825 illa
489 772 578 826 erant
588 809 597 839 ,
617 760 757 826 disiectis
773 786 791 826 a
807 761 908 826 Marte
924 782 1136 851 compressam
1152 761 1392 826 conturbatam-

417 898 479 965 que
507 898 580 939 mor
611 886 784 940 recreatam
816 875 1033 940 consolatione
1060 872 1137 951 Dei,
1160 896 1278 939 nomen
1298 896 1392 941 suum

415 987 586 1053 indicantis
621 987 872 1076 affirmantisquc
907 1008 944 1051 ex
973 1008 1012 1050 eo
1041 996 1132 1050 natos
1162 984 1273 1074 dignos
1299 999 1392 1075 patre

416 1123 564 1166 evasuros
592 1113 615 1166 ¹.
1175 1174 1180 1190 ‚

371 1213 456 1279 Fieri
474 1225 598 1304 potest,
622 1223 658 1277 ut
678 1226 781 1279 cetera
803 1235 951 1304 quoque,
976 1236 1058 1302 quae
1075 1211 1136 1277 boc
1156 1211 1259 1301 capite
1275 1210 1390 1300 legun·

327 1340 395 1409 tur,
425 1325 565 1391 hauserit
594 1348 630 1391 ex
659 1325 758 1391 Fabio
786 1326 909 1391 Auctor
936 1325 1010 1403 ilie,
1037 1324 1124 1415 quod
1144 1348 1243 1415 quum
1262 1324 1392 1413 probari

326 1449 482 1530 nequeat,
506 1438 644 1505 sufficiat
663 1462 699 1504 ea
722 1438 939 1529 descripsisse,
961 1461 1044 1529 quac
1063 1440 1181 1504 fatetur
1198 1461 1278 1503 seer
1290 1438 1390 1503 Fabio

327 1552 455 1618 habere.
503 1552 651 1618 Attamen
672 1564 764 1618 caute
784 1552 842 1618 illa
862 1551 1046 1643 accipienda
1066 1564 1140 1616 sunt
1158 1575 1217 1642 pro
1240 1550 1390 1617 Fabianis

326 1677 458 1756 propter
483 1664 661 1731 dubitatum
691 1666 828 1731 auctoris
848 1665 937 1731 istius
958 1664 1074 1742 fidem,
1099 1665 1155 1754 qui
1177 1663 1263 1728 hunc
1282 1664 1390 1730 locum

326 1800 391 1843 non
411 1801 448 1843 er
469 1778 568 1843 Fabio
586 1778 766 1869 descripsit,
786 1779 918 1869 opinor,
935 1800 1046 1844 rerum
1063 1800 1099 1844 ex
1116 1778 1180 1842 alio
1192 1778 1390 1868 antiquiore,

327 1891 384 1980 qui
417 1890 575 1957 Pictorem
612 1905 737 1958 secutus
773 1904 856 1958 erat.»¹

327 2113 384 2186 ΝΟ.
416 2117 468 2185 Vl.
515 2119 588 2200 Περὶ
614 2120 645 2184 δὲ
668 2124 727 2184 τῶν
749 2121 784 2183 ἐκ
802 2124 858 2192 τῆς
887 2117 984 2190 'Itius
1000 2118 1171 2198 γενομένων
1186 2116 1315 2192 Κόϊντος
1331 2119 1391 2198 μὲν

417 2228 534 2308 Φοὶβοος
565 2230 578 2293 ὁ
609 2229 731 2311 Πίκτωρ
759 2226 946 2308 λεγόμενος,
977 2220 998 2308 ᾧ
1027 2227 1157 2301 Λεύκιός
1191 2253 1228 2293 τε
1262 2228 1389 2308 Κίγκιος

416 2341 468 2406 nui
497 2339 607 2406 Κοὶτων
636 2340 762 2422 Πόρκιος
795 2339 848 2404 aar}
878 2338 995 2403 Πείσων
1022 2339 1215 2422 Κοολνούρννος
1248 2341 1301 2405 aci
1330 2346 1391 2406 τῶν

414 2451 520 2518 ἄλλων
531 2452 742 2535 οννγοοοφέοον
755 2455 780 2518 οἱ
793 2449 917 2523 πλείους
929 2451 1166 2531 bernardinum,
1176 2455 1249 2536 τῇδε
1259 2452 1393 2536 probibet.

415 2563 567 2655 Sequitur
583 2564 721 2630 narratio
737 2564 936 2653 geminorum
953 2564 1183 2653 expositorum,
1203 2576 1299 2654 atque
1319 2590 1390 2631 om-

416 2677 525 2754 nium,
548 2699 630 2766 quae
652 2675 690 2740 ad
711 2698 821 2740 eorum
842 2674 1008 2739 infantiam
1029 2675 1206 2765 pertinent,
1229 2679 1389 2767 usquead

416 2789 528 2879 capitis
551 2790 649 2853 finem
673 2800 697 2852 ².

371 2901 464 2986 Quod
484 2924 577 2991 supra
594 2901 657 2965 iam
677 2901 801 2979 monui,
821 2899 861 2990 do
877 2899 938 2965 boe
954 2923 1082 2990 quoqne
1099 2900 1181 2967 ualet
1196 2901 1390 2992 fragmenta,

324 3038 388 3082 uon
417 3014 564 3105 ipsissimi
596 3013 727 3079 Pictoris
756 3014 851 3079 rerba
871 3014 1020 3104 legimns,
1044 3036 1153 3079 rerum
1173 3016 1389 3082 narrationem

324 3152 361 3194 ex
390 3127 533 3216 Dionysii
562 3139 668 3192 mente
700 3139 903 3217 conceptam,
927 3125 959 3190 in
982 3149 1045 3215 qua
1068 3127 1230 3192 notissima
1250 3130 1389 3219 vulgaris

324 3243 408 3306 fama
444 3240 599 3318 traditur,
634 3263 729 3330 qnam
760 3239 877 3304 Fabius
907 3239 1028 3327 primus
1062 3240 1176 3331 scripto
1206 3241 1389 3321 mandarit,

325 3378 420 3445 quem
443 3355 540 3420 ceteri
563 3353 712 3444 deinceps
732 3353 832 3417 secuti
851 3364 934 3417 sunt.
968 3351 1074 3417 Minus
1093 3366 1179 3419 recte
1200 3354 1296 3442 igitur
1318 3356 1389 3422 edi-

324 3479 407 3533 tores
437 3468 515 3534 haec
543 3467 638 3533 rerba
658 3478 689 3532 et
710 3489 792 3557 quae
813 3477 993 3558 sequuntur
1012 3466 1045 3530 in
1067 3489 1140 3531 eum
1166 3466 1297 3533 modum
1318 3470 1390 3535 edi·

323 3580 454 3661 derunt,
479 3593 513 3646 ut
533 3604 598 3646 non
617 3579 761 3668 Dionysii
781 3578 835 3644 sed
859 3580 939 3643 alius
959 3603 1025 3645 essa
1046 3579 1237 3651 viderentur.
1328 3657 1334 3665 ¹

368 3696 424 3762 Fst
446 3706 551 3759 autem
571 3694 719 3758 classicus
741 3692 831 3757 hicce
851 3694 956 3772 locus,
981 3693 1037 3758 ubi
1053 3692 1222 3782 Dionysius
1238 3695 1336 3761 tradit
1347 3696 1388 3763 de

322 3808 452 3874 condita
464 3806 551 3874 Urbe
561 3806 759 3898 geminisque
771 3806 801 3870 ἐν
813 3814 877 3877 τοῖς
892 3806 1030 3887 acaptare
1043 3805 1145 3885 ὕμνοις
1159 3809 1216 3874 ὑπὸ
1227 3811 1388 3888 Ῥωμαίων

321 3919 366 3984 ἔτι
379 3920 432 3986 ani
448 3927 499 3986 νῦν
516 3922 638 4005 ᾄδεται.
662 3920 745 3985 llinc
760 3917 950 4010 quibusdam
964 3918 1088 3986 ridetur
1099 3921 1228 3987 historia
1241 3923 1391 3989 Romana

321 4045 394 4097 nata
421 4057 458 4099 er
487 4033 679 4099 carminibus
704 4032 930 4124 popularibus,
955 4056 1036 4123 quac
1055 4047 1198 4126 tempore
1218 4037 1311 4102 Fabii
1331 4061 1387 4103 ca-

322 4157 434 4210 nerent
453 4145 577 4210 barbati
600 4143 753 4228 Quirites3
779 4143 833 4209 sed
853 4166 910 4234 ego
931 4143 969 4208 iis
990 4143 1120 4210 omnino
1136 4146 1303 4225 assentior,
1328 4150 1388 4238 qui

320 4256 398 4322 haec
427 4256 531 4321 omnia
556 4254 708 4344 Dionysio
733 4254 892 4333 tribuant,
923 4255 980 4345 qui
1006 4255 1046 4323 dc
1064 4256 1161 4323 Ennii
1181 4260 1389 4342 Annalibus,

352 4505 373 4573 ¹)
391 4509 468 4559 Auet.
487 4506 516 4556 de
534 4506 593 4572 arip.
610 4514 672 4571 peut.
690 4505 761 4557 Rom.
781 4513 823 4559 20.
876 4505 896 4574 ²)
915 4508 989 4563 Dion.
1008 4508 1069 4561 Hal.
1087 4511 1110 4562 Ι.
1131 4514 1170 4562 te.
