3212 5294
302 470 333 514 rr.
345 470 489 515 srercssr.
501 471 528 514 s.
539 470 570 515 rr.
583 471 611 515 s.
624 452 804 536 nurso(.'tl).
821 455 885 535 §lt
905 473 1048 519 urcrrron
1060 458 1129 523 538.
1196 459 1257 522 223

186 647 255 714 fuit.
313 648 409 714 Extra
441 648 584 715 ordinem
613 671 730 740 nempe
756 650 921 740 placuerat
947 651 1028 718 illud
1060 653 1166 718 locum
1196 652 1255 720 ha-

190 758 260 824 beri
285 772 316 826 et
346 761 513 828 »dictator
534 746 590 853 qui
610 784 723 828 censor
743 774 817 829 ante
838 763 965 842 fuisset,
991 766 1254 833 vetustissimum·

190 896 253 964 que
271 896 309 939 ex
327 874 365 940 iis
384 876 440 964 qui
458 876 601 941 sinerent
622 875 770 941 censoriis
789 888 884 955 esset,
914 879 1012 943 creari
1032 878 1169 969 placuit,
1198 880 1256 969 qui

188 998 332 1052 senatum
353 986 502 1078 legeret'.
527 987 645 1055 Contra
663 988 708 1054 rei
725 989 886 1079 gerundae
907 1012 1000 1055 cansa
1020 990 1099 1057 alins
1117 990 1255 1056 dictetur

187 1100 291 1167 dictus
309 1113 392 1180 erat,
417 1102 458 1167 M.
477 1103 588 1168 Iunius
609 1102 685 1168 Pera
706 1124 780 1168 curn
801 1102 952 1193 magistro
975 1103 1044 1170 Tib.
1064 1101 1255 1194 Sempronio

188 1211 350 1293 Graccho,
366 1214 423 1305 qui
440 1214 503 1280 iam
514 1215 699 1305 magistratu
719 1238 752 1281 se
771 1215 1011 1294 abdicaverant,
1034 1238 1256 1307 qnnmsersus

187 1326 261 1392 anui
290 1327 388 1393 finem
415 1325 473 1392 diu
498 1339 571 1417 post
596 1326 721 1394 cladem
749 1325 948 1395 Cannensem
973 1350 1074 1395 nurus
1096 1328 1256 1419 legeretur

186 1452 311 1505 senatus
332 1464 348 1504 u
371 1440 552 1506 venerando
574 1441 729 1508 Buteone.
778 1441 903 1531 Populo
922 1443 1009 1507 enim
1029 1464 1095 1507 uon
1115 1441 1255 1507 sufficie-

188 1553 419 1645 batprocurata
435 1576 500 1620 esse
517 1554 680 1646 prodigia,
697 1576 814 1620 norum
831 1555 962 1646 petebat
974 1553 1118 1621 ordinem
1128 1577 1188 1645 pro
1199 1576 1253 1633 co,

187 1666 322 1756 quinon
342 1666 424 1732 bene
443 1668 644 1733 consuluerat
664 1667 704 1735 de
724 1667 829 1746 bello,
845 1669 999 1759 poscebat
1017 1691 1106 1759 erqo,
1125 1680 1160 1733 ut
1180 1668 1255 1734 nori

187 1779 377 1845 strenuiores
406 1791 581 1857 senatores,
613 1779 761 1847 ardentes
790 1780 903 1847 ardore
930 1782 1068 1847 Romani
1100 1782 1255 1846 iutrarent

187 1894 323 1972 curiam,
344 1892 399 1984 qui
415 1913 502 1957 nuno
520 1891 675 1958 sedebant
685 1905 861 1973 senatores,
876 1917 961 1961 anuo
972 1899 1038 1962 534
1055 1895 1131 1961 lecti
1149 1905 1255 1972 erant,

184 2004 308 2096 saepius
326 2005 457 2084 accidit,
477 2018 512 2070 ut
528 2005 579 2071 rel
598 2005 725 2095 longius
744 2004 927 2073 interfuerit
947 2010 1102 2098 spatium,
1118 2008 1172 2074 sed
1190 2006 1254 2073 boc

184 2142 314 2211 quoque
342 2119 476 2209 arripuit
503 2119 661 2210 populus,
691 2118 713 2182 ii
739 2141 855 2209 nempe
881 2120 1006 2210 quires
1028 2121 1255 2210 uorascupie·

184 2233 279 2312 bant,
308 2234 426 2325 quibus
454 2255 512 2323 per
538 2232 796 2322 quinquennium
814 2244 918 2322 patres
938 2231 1086 2297 adversae
1106 2231 1255 2298 fortunae

183 2360 328 2414 auctores
347 2347 443 2412 fuisse
461 2345 659 2413 ridebantur.

229 2457 337 2522 Livius
361 2454 453 2522 nobis
474 2454 607 2521 tradidit
627 2454 744 2520 frustra
765 2467 842 2521 tunc
868 2454 904 2539 Q.
923 2455 1059 2521 Fabium
1078 2433 1252 2524 Maximum

181 2571 306 2662 populo
337 2568 528 2661 persuadere
560 2580 709 2634 conatum
744 2591 828 2648 esse,
859 2567 935 2634 huic
962 2569 1009 2634 rei
1038 2580 1164 2660 tempus
1184 2593 1253 2637 esse

180 2683 425 2760 alienissimum,
450 2681 541 2762 nita,
564 2682 671 2772 inquit
692 2681 815 2761 Livius,
839 2682 906 2748 eius
926 2683 970 2748 rei
992 2706 1138 2774 oppressa
1158 2707 1253 2750 men·

180 2795 228 2861 tio
256 2799 338 2875 est'',
369 2795 422 2860 cui
442 2816 516 2860 reso
537 2794 643 2859 statim
664 2794 828 2883 subiungit
849 2795 1037 2862 dictatorem
1058 2797 1158 2862 creari
1178 2796 1251 2887 pla·

181 2909 302 2988 cuisse3
327 2930 422 2973 nemo
448 2929 513 2973 nou
538 2905 625 2972 ridet
645 2906 708 2971 loci
729 2930 845 2973 nerum
864 2908 1061 2989 claudicare,
1081 2908 1168 3000 quod
1188 2912 1253 2976 mi-

180 3044 236 3086 ror
261 3020 438 3087 editoribus
465 3020 575 3108 fugere
600 3020 760 3108 potuisse,
784 3020 940 3087 facillimo
967 3021 1097 3111 negotio
1127 3022 1253 3088 restitui

179 3145 287 3225 potest
303 3134 409 3214 locus,
428 3155 468 3197 ne
486 3132 567 3197 adeo
586 3133 770 3199 inconstans
785 3134 847 3198 sibi
867 3135 907 3198 sit
925 3133 1053 3213 Liuius,
1073 3136 1251 3202 revocanda

181 3263 229 3317 est
248 3250 376 3340 negatio
397 3252 512 3323 »non'‘
534 3250 592 3316 ie.
606 3264 638 3327 n,
663 3272 758 3339 quam
777 3251 931 3340 absorpsit
949 3248 1140 3338 praecedens
1155 3271 1251 3316 soca-

180 3364 297 3431 bnlum
321 3366 500 3429 „mentio”
546 3361 693 3451 Denique
715 3362 819 3428 dictus
840 3374 887 3428 est
910 3362 1011 3428 Buteo
1033 3374 1154 3441 noster,
1183 3362 1254 3427 sine

179 3478 332 3569 magistro
353 3477 516 3568 equitum,
545 3496 610 3565 quo
629 3498 692 3540 non
713 3498 791 3565 opus
811 3488 878 3542 erat
897 3476 930 3540 in
951 3473 1013 3541 hoc
1033 3474 1251 3541 extraordina-

179 3591 229 3655 rio
256 3611 398 3656 munere.
445 3588 579 3655 Nullum
607 3589 745 3655 dictator
771 3613 808 3656 cr
835 3602 946 3656 senatu
969 3589 1089 3667 morit,
1112 3586 1252 3678 sublegit

180 3715 308 3769 tantum
330 3702 362 3767 in
385 3702 625 3768 demortuorum
642 3702 749 3768 locum
769 3702 942 3794 pulchrum
960 3703 1180 3767 Romanorum
1195 3726 1250 3792 ag-

177 3840 254 3882 men
275 3816 315 3882 ad
338 3838 507 3881 numerum
529 3820 608 3895 170,
631 3816 686 3906 qui
704 3839 763 3906 per
781 3814 843 3881 hoc
863 3816 1120 3907 quinquennium
1144 3815 1252 3881 curuli

178 3930 367 4020 magistratu
389 3929 492 3994 suncti
511 3942 566 3995 aut
586 3929 668 3994 bene
690 3928 730 3994 de
750 3930 853 4020 patria
871 3931 976 3995 meriti
997 3941 1106 4008 erant,
1129 3940 1178 3995 tot
1198 3951 1249 3994 se·

176 4057 307 4110 natores
333 4066 405 4134 ergo
429 4054 484 4108 aut
508 4042 626 4109 mortui
646 4054 736 4108 erant
760 4054 815 4108 aut
835 4065 895 4132 pro
914 4042 1016 4133 patria
1037 4054 1146 4109 contra
1167 4042 1253 4107 Poe-

176 4180 238 4222 nos
270 4168 488 4247 pugnaverant
516 4157 597 4222 tristi
626 4168 750 4222 eventu.
809 4155 930 4238 Quibus
956 4156 1047 4222 lectis
1076 4156 1193 4222 Fabius
1218 4180 1255 4223 se

177 4271 366 4360 magistratu
388 4269 563 4350 abdicarit,
587 4269 784 4361 domumque
804 4269 959 4335 deductus
984 4280 1030 4336 est
1050 4270 1253 4337 uenerandus

178 4405 276 4449 senex
297 4407 411 4474 magna
432 4383 569 4474 stipante
590 4395 714 4449 caterua
738 4406 913 4462 novorum,
933 4383 1048 4473 opinor
1067 4395 1251 4452 senatorum

175 4517 306 4562 necnon
327 4520 452 4577 eorum,
477 4495 533 4586 qui
555 4518 594 4562 ne
618 4496 841 4563 omitterentur
860 4496 1041 4565 timuerant.
