3212 5294
352 439 379 487 o.
401 436 504 481 sauros
525 438 552 488 o.
574 438 602 483 r.
621 438 725 481 meroe
745 419 820 503 (40).
840 420 862 504 ς
884 421 912 485 1.
933 439 1127 486 anananoors.
1223 424 1281 486 199

302 614 408 680 Pictor
431 625 464 679 et
491 613 581 695 Piso,
604 614 662 705 qui
681 638 785 706 neque
803 627 913 682 tenent
932 616 1049 708 quibus
1070 617 1164 683 rebus
1184 640 1275 682 orne·

304 737 355 791 tur
375 727 493 805 oratio,
524 738 556 793 et
576 726 653 794 dum
681 727 879 818 intelligatur
910 728 987 819 quid
1019 729 1144 808 dicant,
1178 753 1273 797 unam

288 839 429 908 'dicendi
453 839 582 907 laudem
607 853 721 931 putant
744 865 810 908 esse
834 842 1020 909 brevitatem
1048 855 1071 910 ¹.

254 952 405 1045 Krousius
437 951 583 1020 Serrium
614 954 773 1020 Pictorem
799 954 1045 1045 intelligendum
1072 972 1138 1022 esse
1164 955 1275 1022 erede·

212 1068 286 1160 bet,-
302 1067 424 1158 quippe
437 1067 533 1133 euius
554 1077 639 1133 aetas
657 1068 806 1134 convenit
822 1068 912 1147 loeo,
937 1091 1032 1159 quem
1052 1068 1193 1135 medium
1213 1068 1275 1136 Ga·

212 1194 318 1246 touom
347 1180 431 1247 iuter
451 1191 487 1245 et
508 1180 653 1246 usonem
673 1181 814 1261 obtinet;
836 1179 889 1246 hie
909 1193 1017 1247 tamen
1042 1180 1120 1247 ordo
1144 1182 1275 1247 omnino

210 1317 277 1359 nors
285 1293 411 1359 ridetur
427 1298 494 1359 esse
504 1294 682 1384 urgendus,
700 1317 774 1360 nam
791 1294 836 1360 sie
851 1293 939 1360 idem
949 1294 1097 1360 Tullius²
1115 1294 1273 1361 Fannium

211 1406 307 1474 modo
331 1419 403 1497 post
427 1406 573 1473 Pisonem
600 1408 723 1496 profert
750 1407 848 1473 modo
874 1419 965 1487 ante,
988 1430 1049 1473 neo
1068 1407 1160 1473 aliter
1181 1406 1274 1474 Anti-

208 1522 345 1610 pa'tium.
386 1520 491 1605 Quum
510 1544 583 1586 uero
599 1519 711 1587 Cicero
728 1520 790 1587 hoo
806 1521 878 1587 loeo
896 1520 1020 1587 confert
1039 1521 1275 1611 antiquissimos

209 1634 402 1701 Graecorum
428 1634 600 1701 'historicos
629 1657 703 1701 eum
734 1634 906 1713 Romanis,
936 1632 1075 1712 Catone,
1105 1633 1218 1700 Pisone
1244 1646 1276 1700 et

209 1747 354 1828 Pictore,
374 1747 536 1832 Quintum
551 1748 700 1839 equidem
718 1748 832 1839 opinor
842 1747 1088 1838 intelligendum
1101 1745 1274 1814 Annalium

209 1868 370 1926 auetorem'
385 1892 392 1921 ·,
399 1862 557 1953 primum,
581 1884 646 1926 non
671 1860 817 1927 Serrium
835 1861 912 1926 iuris
933 1860 1198 1951 antiquitatisque
1215 1884 1275 1951 pe-

209 1973 318 2040 ritum.
345 1973 504 2064 ›Deniqne
524 1997 689 2065 perperam
709 1973 762 2039 hio
780 1974 870 2040 locus
892 1974 968 2039 olim
989 1973 1104 2039 aliatus
1123 1986 1186 2051 est,
1209 1995 1274 2063 quo

210 2086 480 2191 demonstraretur
499 2087 634 2154 Fabium
655 2110 800 2153 sermone
819 2086 934 2152 Latino
965 2109 1058 2153 usum
1078 2109 1154 2152 esse

209 2244 272 2375 tte
299 2244 411 2335 xnrr.
458 2268 629 2337 Historiam
653 2268 803 2360 (serpso)
825 2267 932 2333 Pictor
950 2266 1115 2332 incondite
1138 2275 1162 2333 ³.

225 2368 416 2477 ¹JUltimum
442 2381 505 2447 hoo
531 2382 572 2447 do
601 2382 726 2447 Pictore
747 2380 903 2446 iudicium
922 2379 1059 2446 Rothius
1078 2380 1200 2471 primus
1221 2379 1278 2444 ad·

209 2494 310 2585 inprit
341 2496 454 2561 ceteris
484 2496 687 2586 fragmentis3
720 2505 859 2560 attamen
889 2493 985 2559 oredo
1016 2493 1211 2559 Frontonem
1243 2493 1275 2557 in

210 2586 373 2674 Ciceronis
400 2608 493 2675 verba
518 2609 636 2675 iurasse
661 2631 725 2674 uon
749 2631 822 2675 vero
843 2608 1015 2699 inspexisse
1036 2607 1128 2672 Fabii
1147 2608 1275 2672 librum.

626 2797 837 2811 —----—-

609 2915 798 2991 CAPUT
829 2914 873 2988 V.

402 3065 543 3124 ouranos
566 3064 683 3113 snmus
708 3044 766 3132 (o.)
791 3062 821 3111 n.
847 3061 967 3110 rrcrorr
994 3045 1076 3135 (40).

575 3185 593 3268 §
620 3186 648 3248 1.
701 3179 914 3270 Genealogia.

255 3317 471 3407 Chronoiogia
500 3318 582 3384 duee
611 3316 728 3382 oonfioi
756 3328 876 3405 potest,
901 3337 1040 3404 quonam
1069 3328 1159 3406 patre
1184 3314 1275 3382 hiooe

211 3432 347 3517 Quintus
376 3431 499 3521 gavisus
528 3430 634 3497 fuerit.
679 3428 769 3497 Siout
792 3428 888 3494 multi
912 3439 1106 3518 posuerunt,
1132 3427 1275 3494 historioi

209 3568 325 3635 nempe
351 3545 437 3611 fitius
464 3544 560 3610 fuisse
585 3542 727 3623 ridetur,
751 3564 889 3632 quocum
912 3563 1013 3607 unum
1035 3539 1276 3632 eundemquea

209 3657 418 3727 Lachmanno
448 3668 459 3708 ⁴
490 3655 635 3725 habitum
664 3676 731 3721 esse
758 3653 874 3730 miror,
907 3675 982 3717 uam
1008 3658 1050 3718 33
1085 3652 1175 3718 annis
1203 3662 1274 3740 post

210 3784 414 3861 quaesturam
432 3782 579 3860 praetura
599 3768 729 3834 functus
748 3777 829 3832 esset
852 3765 989 3843 seilicet,
1014 3764 1102 3855 quod
1124 3765 1274 3856 temporis

208 3884 344 3975 spatium
378 3884 461 3950 inter
488 3882 575 3949 itlius
604 3891 807 3972 quaesturam
836 3877 995 3968 huiusque
1022 3890 1207 3968 praeturam
1234 3878 1274 3943 de

208 4020 289 4063 nora
310 3997 513 4087 generatione
533 3995 671 4085 cogitare
694 3991 794 4059 iubet.
841 3991 992 4057 Historioi
1013 3992 1098 4057 filius
1118 3991 1178 4056 fuit
1198 4003 1275 4056 natu

209 4111 378 4190 maximus,
401 4133 475 4177 nam
500 4109 585 4175 idem
610 4105 724 4172 habuit
747 4127 939 4195 praenomen
963 4127 1001 4170 er
1025 4105 1095 4196 iege
1117 4118 1141 4172 ⁵.

239 4390 699 4457 ¹)Cie.doorar.11.12§51‚5o.
752 4385 773 4452 Ἃ)
791 4386 833 4438 De
849 4386 891 4451 lep.
907 4383 1132 4451 1.2§a,Brnt.
1148 4387 1281 4451 27§106.

201 4476 223 4545 ⁸)
241 4473 700 4542 umnt.adtfmoop.1rreuuom.
714 4479 786 4525 1823.
839 4470 860 4537 ⁴)
878 4473 966 4522 11.14.
1026 4469 1046 4538 ⁵)
1064 4471 1281 4522 DioCass.fr.44.
