3194 5302
313 416 353 477 50
394 434 425 478 u.
446 434 548 477 rrntus
569 435 598 480 rt.
619 437 647 479 r.
668 435 830 480 trauutuus
850 416 905 501 (4).
937 418 958 500 5
980 418 1008 481 2.
1029 435 1137 480 cousus
1154 419 1194 479 ll.
1215 418 1285 480 274.

319 610 352 674 iu
381 632 455 676 oum
480 613 577 702 igitur
604 612 730 690 locum,
754 611 809 676 ubi
830 610 875 675 nil
895 623 1019 701 poterat
1039 608 1209 676 tribunicia
1228 621 1385 699 potestas,

218 774 220 778 »
319 735 406 789 extra
434 726 634 815 pomoerium
665 724 782 791 milites
813 736 1049 801 convocarunt,
1084 722 1303 813 mulctramque
1335 722 1390 787 alt-

320 837 462 904 sentibus
491 838 648 904 dixerunt.
689 837 805 902 Fabius
835 836 926 901 sociis
957 836 1120 915 subvenit,
1148 834 1180 900 id
1200 847 1248 900 est
1267 833 1389 900 adiurit

318 946 451 1015 Latinos
478 962 511 1016 et
540 950 694 1017 Hernicos
725 959 836 1012 eontra
865 952 1009 1037 Aequos,
1040 945 1117 1012 dum
1150 945 1295 1012 Valerius
1319 968 1388 1012 rem

317 1072 428 1126 contra
450 1060 582 1126 Volscos
603 1070 734 1149 gereret.
768 1057 889 1124 Neuter
908 1080 983 1123 voro
1001 1056 1243 1123 memorandum
1264 1057 1388 1147 aliquid

318 1174 459 1264 peregit,
485 1172 651 1238 latrocinia
675 1181 765 1236 eraut
794 1170 860 1236 sine
889 1170 1032 1260 graviore
1049 1170 1190 1260 proelio,
1215 1192 1298 1260 quae
1319 1193 1388 1235 onr-

317 1286 394 1351 nino
412 1285 607 1351 conueniunt
625 1307 699 1349 cum
710 1284 815 1374 parvis
826 1283 889 1349 illis
902 1283 1030 1374 populis
1045 1282 1217 1350 bellicosis.
1242 1282 1389 1373 Denique

319 1397 455 1463 Vestalis
471 1396 589 1488 Oppia,
603 1395 743 1488 (Opimia
759 1396 844 1486 apud
856 1396 1044 1483 Dionysium
1060 1395 1173 1483 audit),
1186 1396 1293 1462 vitiata
1309 1418 1389 1485 poe·

320 1534 375 1575 nas
396 1509 500 1588 dedit,
518 1509 604 1600 quod
620 1509 733 1575 uitium
745 1509 872 1574 nonnisi
889 1532 948 1599 per
961 1508 1105 1600 prodigia
1122 1509 1188 1575 fore
1203 1507 1389 1597 quotidiana

319 1622 482 1712 apparuit,
501 1633 537 1686 ut
559 1620 847 1712 religioseaddunt
866 1620 1020 1688 historici.

649 1820 666 1902 §
690 1821 722 1883 2.
776 1813 900 1882 Consul
920 1812 961 1882 ll.
987 1819 1064 1885 274.

577 1983 607 2031 ll.
627 1977 727 2031 motos
745 1978 775 2031 K.
794 1983 818 2031 t.
841 1982 1039 2031 VIBULANUS
1053 1984 1086 2031 II
1098 1981 1117 2032 ¹.

574 2072 618 2121 ott.
637 2072 763 2121 ututtus
783 2074 806 2121 Ρ.
825 2073 849 2121 t.
868 2068 1064 2120 otocttttttTtJS.

363 2185 534 2276 Postquam
555 2184 589 2250 hi
612 2186 833 2276 magistratum
852 2185 1028 2264 inierautt,
1055 2209 1092 2251 ex
1113 2187 1387 2253 senatusconsulto

317 2297 478 2365 delectum
498 2312 630 2390 propter
648 2297 764 2367 Veiens
782 2299 903 2366 bollum
921 2298 1104 2378 edixerunt,
1122 2321 1216 2390 quem
1239 2300 1387 2366 nonnihil

316 2411 512 2501 impediebat
538 2413 815 2503 tribunusplebis
842 2412 890 2478 tt.
911 2411 1118 2491 Pontificiua3
1145 2412 1240 2481 huius
1267 2437 1387 2481 nomen

316 2524 459 2612 Dionysii
481 2538 493 2576 ³
523 2525 644 2591 librarii
664 2525 883 2607 Ποντοφίκιος
907 2524 1044 2594 scribere
1062 2525 1262 2607 maluerunt,
1288 2549 1385 2617 quarn

314 2638 503 2726 scripturam
533 2637 658 2705 etiamsi
686 2648 797 2703 contra
823 2636 1002 2726 analogiam
1025 2637 1163 2704 aditores
1186 2653 1384 2730 receperunt.

316 2749 424 2816 Patres
444 2750 677 2840 tero'heuiguo
695 2749 763 2817 eius
784 2748 921 2838 collegas
942 2749 1139 2840 appellantes
1157 2751 1278 2818 irritam
1298 2751 1385 2819 leoe-

315 2874 392 2928 runt
413 2861 670 2929 intercessionem
692 2873 724 2927 et
746 2862 791 2927 sic
811 2860 875 2926 duo
896 2862 1048 2929 exereitus
1066 2862 1175 2952 scripti
1194 2875 1284 2943 suut,
1311 2866 1387 2954 qui·

314 2954 375 3040 bus
399 2974 507 3040 Latini
526 2986 558 3040 et
577 2974 709 3041 Hernici
728 2973 889 3064 duplicem
912 2975 1052 3043 militum
1073 2998 1241 3043 numerum
1268 2998 1386 3068 suppo-

316 3089 474 3166 ditarunt‚
505 3107 565 3151 nco
585 3097 677 3151 autea
697 3096 745 3152 tot
766 3085 876 3175 copiae
895 3097 1005 3152 contra
1026 3085 1150 3155 hostem
1171 3088 1264 3155 illum
1284 3089 1384 3155 eduo-

314 3215 364 3268 tae
396 3201 545 3277 luerunt,
576 3196 629 3263 sod
657 3221 693 3267 er
722 3198 847 3263 Etruria
873 3198 1016 3288 undique
1035 3198 1141 3264 hostes
1162 3214 1385 3269 couvenerant.

364 3312 519 3379 Consules
539 3311 668 3379 seorsim
689 3321 788 3375 castra
808 3322 998 3400 posueruut,
1016 3309 1070 3374 ubi
1087 3333 1160 3375 tero
1173 3311 1384 3402 Manliiprae·

319 3428 437 3494 terium
458 3425 588 3492 coelesti
598 3425 673 3513 igne
684 3435 805 3489 tactum
815 3435 901 3502 erat,
920 3423 1218 3502 oastraiunxorunt,
1238 3436 1270 3490 et
1290 3425 1385 3492 Tusci

316 3544 426 3608 locum
445 3564 463 3604 a
480 3537 602 3603 Manlio
620 3537 768 3602 relictum
790 3548 1004 3627 occuparun13
1026 3559 1092 3603 nou
1113 3536 1262 3604 abhorret
1282 3540 1384 3629 suspi-

315 3657 366 3723 cio
393 3654 535 3720 divinam
562 3651 649 3716 illam
679 3673 775 3740 opem
801 3649 842 3714 ab
870 3648 1028 3714 historicis
1051 3649 1203 3739 religiosis
1221 3662 1385 3731 ornatam,

315 3783 351 3834 ut
379 3789 492 3835 causac
519 3764 641 3855 aliquid
670 3776 767 3841 osset,
797 3761 838 3827 ob
864 3785 962 3852 quam
987 3760 1092 3828 hostes
1114 3762 1258 3828 Romana
1282 3774 1385 3830 castra

317 3881 493 3958 tenuerint,
514 3880 546 3946 si
564 3890 597 3944 et
618 3878 714 3944 armis
733 3899 849 3966 nempe
867 3877 906 3940 iis
922 3874 1032 3965 potiti,
1051 3875 1106 3943 sed
1127 3875 1189 3942 hoc
1209 3876 1323 3944 obiter.

345 4215 365 4282 ¹)
382 4217 450 4267 Fast.
468 4215 529 4280 Cap.
548 4215 574 4263 11.
593 4229 615 4263 a.
634 4220 660 4262 et
678 4216 743 4273 289,
762 4216 825 4270 294;
842 4212 900 4262 Liv.
918 4212 955 4261 II.
971 4215 1004 4260 43
1011 4233 1018 4271 ;
1037 4210 1183 4261 Diou.Hal.
1201 4211 1252 4262 IX.
1269 4217 1299 4273 5,·
1313 4212 1390 4264 Diod.

309 4304 360 4354 Sic.
378 4302 427 4352 XI.
447 4307 494 4359 50;
517 4301 606 4349 Front.
626 4292 703 4345 Sarae
721 4297 744 4346 Ι.
765 4296 1043 4359 11§1,11.s§t;
1068 4294 1139 4346 Oros.
1157 4295 1390 4358 H.5;Cassiod.;

309 4391 363 4437 An.
377 4388 454 4444 Nor.;
470 4385 538 4433 Fast.
556 4383 608 4433 Sic.
660 4377 682 4447 ²)
693 4380 750 4432 Lis.
769 4383 805 4431 11.
821 4383 938 4439 44-4t;
961 4380 1037 4431 Dion.
1055 4380 1116 4431 Hel.
1134 4379 1184 4430 IX.
1204 4384 1302 4442 s-ta;
1326 4382 1390 4434 Vul.

309 4473 381 4521 Max.
400 4472 435 4521 V.
455 4465 619 4527 5.2;Or0s
637 4465 674 4514 11.
693 4470 719 4515 5.
788 4462 809 4532 ³)
826 4465 876 4516 IX.
897 4470 920 4514 5.
