3190 5304
797 497 965 543 unusne.

821 673 953 742 XLVII.

390 824 485 916 Apud
506 822 693 891 Ciceronem
714 823 893 911 defim'bus
910 824 936 891 Ι.
958 828 1102 912 115392
1129 850 1151 892 »
1162 826 1293 895 Athenis
1310 840 1413 896 statua
1526 894 1530 899 ,
1577 886 1578 893 ,

345 950 420 1003 »est
456 936 627 1030 Chrysippi
664 938 821 1018 sedentis,
852 953 998 1029 porrecta
1028 965 1146 1021 manu,
1181 965 1263 1032 quae
1290 966 1411 1011 manus

345 1051 547 1142 »significet‚
576 1052 668 1117 illum
699 1053 733 1118 in
763 1052 823 1117 bac
852 1076 917 1119 esse
947 1055 1167 1144 rogatiuncula
1199 1055 1409 1123 delectatum:

344 1185 451 1230 »num
478 1164 630 1254 quidnam
661 1188 774 1233 manus
794 1179 849 1233 tua
869 1168 913 1232 sic
935 1168 1047 1234 affecta
1067 1167 1227 1235 desiderat
1238 1170 1275 1235 ?'’
1295 1170 1412 1237 sufficit

341 1300 517 1366 pronomen
541 1301 629 1366 quae
652 1292 811 1368 expuncto
834 1304 964 1346 manus.

805 1437 950 1505 XLVIII.

389 1579 483 1670 Apud
514 1580 652 1646 eundern
683 1580 779 1649 Tusa.
808 1584 832 1647 l.
863 1585 904 1646 43
927 1583 945 1667 §
969 1583 1046 1646 102:
1071 1581 1149 1647 »De
1174 1604 1237 1672 qua
1265 1582 1414 1650 Socrates

342 1692 502 1785 »quidem
520 1694 598 1784 quid
618 1696 766 1774 senserit,
789 1705 919 1785 apparet
941 1694 974 1759 in
996 1717 1034 1760 eo
1052 1694 1156 1773 libro,
1180 1695 1213 1759 in
1232 1717 1299 1785 quo
1314 1699 1411 1762 mori·

343 1820 439 1872 »turs
474 1807 514 1873 de
545 1830 610 1897 quo
638 1811 708 1872 iam
737 1816 807 1873 tam
827 1808 928 1874 multa
949 1806 1114 1888 diximus'',
1134 1831 1172 1873 ex
1194 1807 1411 1900 dittographia

342 1931 453 1986 natum
474 1919 600 1986 ridetur
620 1919 702 1986 illud
724 1930 803 1986 tam.

819 2076 934 2145 XLIX.

386 2258 514 2327 Ibidem
525 2260 561 2324 V.
574 2263 593 2324 2
607 2261 624 2345 §
636 2264 673 2326 5:
700 2258 886 2325 »Vitiorum
902 2271 1174 2351 peccatorumque
1191 2261 1294 2326 omnis
1305 2283 1323 2324 a
1333 2257 1411 2349 pbi-

322 2366 515 2464 '»losopbia
533 2372 671 2462 petenda
692 2373 848 2438 correctio
868 2385 925 2440 est.
974 2372 1072 2440 Cuius
1092 2373 1125 2438 in
1146 2372 1249 2438 sinum
1271 2395 1408 2463 quuma

341 2485 480 2575 »primis
496 2484 692 2575 temporibus
711 2485 822 2551 aetatis
839 2497 944 2551 nostra
962 2485 1109 2551 roluntos
1126 2486 1334 2575 studiumque
1350 2508 1408 2550 nos

342 2620 363 2662 >r
372 2597 590 2687 compulisset,
620 2594 668 2662 his
691 2595 881 2686 gravissimis
903 2596 1027 2661 casibus
1047 2596 1080 2660 in
1097 2588 1241 2662 'eundem
1262 2609 1409 2688 portum,

341 2733 408 2776 »ex
431 2734 496 2801 quo
517 2733 642 2776 eramus
662 2710 798 2800 egressi,
822 2734 935 2800 magna
956 2710 1064 2775 iactati
1087 2721 1274 2799 tempestate
1294 2711 1411 2776 coufu-
1502 2756 1505 2769 .

340 2824 481 2913 >agimus
530 2820 557 2889 0
588 2824 670 2888 ritae
687 2824 905 2915 philosphia
927 2822 1005 2888 durl
1031 2824 1197 2888 orirtutis
1217 2824 1410 2915 indagatrix,

341 2935 592 3026 »expultrixque
612 2936 762 3002 vitiorum
774 2939 801 3002 !'’
820 2937 1001 3004 tollendum
1020 2949 1066 3004 est
1085 2938 1279 3004 vocabulum
1291 2941 1411 3030 philo·

339 3051 459 3141 sophia
479 3072 497 3115 e
519 3049 662 3139 margine
682 3050 715 3114 in
738 3050 879 3116 alienum
901 3051 1009 3116 locum
1030 3050 1199 3117 intrusum.

860 3231 926 3299 L..

386 3390 480 3481 Apud
510 3387 647 3455 eundem
678 3387 719 3454 de
747 3391 830 3479 offic.
860 3387 941 3455 Il.7
966 3393 983 3476 §
1005 3394 1062 3456 23:
1098 3388 1281 3457 »Omnium
1303 3405 1412 3458 autem

340 3523 491 3570 »rerum'
510 3525 569 3567 nec
597 3501 701 3593 aptius
729 3515 776 3568 est
807 3501 1000 3593 quidquam,
1019 3503 1058 3569 ad
1090 3527 1165 3594 opes
1195 3505 1339 3571 tuendas
1366 3530 1412 3571 ac

340 3616 549 3695 >›tenendas,
574 3638 671 3706 quam
693 3614 799 3705 diligi,
824 3637 884 3680 nec
900 3615 1035 3684 alienius
1051 3639 1149 3707 quam
1168 3618 1302 3697 timeri'',
1320 3617 1410 3684 ride-

339 3743 392 3796 tur
410 3727 656 3819 expungendum
676 3752 717 3793 ao
737 3729 897 3794 tenendas
916 3751 953 3795 ex
974 3727 1189 3820 dittograpbia
1208 3742 1329 3797 natum.

785 3909 962 3979 ,Lr.·

385 4067 479 4159 Apud
511 4066 649 4134 eundem
669 4092 739 4160 pro
768 4066 847 4135 Sex.
875 4068 975 4134 Rosa.
1004 4072 1024 4134 9
1056 4070 1074 4155 ξ
1104 4073 1165 4135 26:
1200 4071 1277 4136 »Ac
1302 4070 1410 4159 primo

340 4205 436 4247 »rem
465 4180 593 4247 differre
622 4194 873 4273 coeperunt,...
902 4192 1065 4271 postremo
1086 4182 1222 4266 ,iusidias
1242 4182 1323 4249 ritae
1344 4183 1411 4247 hu-

340 4298 460 4361 »a'usce
490 4294 567 4362 Sex.
596 4294 716 4361 Roscii
742 4299 882 4386 parure''‚
910 4296 1109 4387 magistellos
1136 4308 1223 4362 recte
1255 4294 1411 4385 explicuit

338 4413 473 4475 hua'usee
500 4409 712 4478 adscribendo
741 4434 860 4480 numen
888 4409 967 4482 Sex.
1000 4412 1132 4495 Rosaa'a',
1157 4409 1244 4505 quod
1265 4410 1314 4478 illi
1336 4408 1412 4477 red·

339 4524 480 4593 dendum
505 4536 564 4596 est,
