3210 5300
355 444 415 505 368
614 462 640 511 o.
663 455 765 502 arares
787 460 814 509 o.
836 460 863 504 r.
886 461 913 510 o.
934 459 962 503 a.
984 460 1078 505 staro
1097 443 1173 526 (tl).

362 650 469 719 vocat,
492 663 565 707 nam
586 651 621 705 ut
641 639 737 706 mod'o
759 638 910 719 vidimus,
931 637 1039 706 Liuius
1059 638 1158 706 tradit
1168 638 1302 708 I'abium
1316 640 1429 709 Cretae

361 752 437 820 litua
466 755 605 846 attigisse
633 767 666 822 et
695 755 824 821 nuutios
854 765 978 820 tantum
1006 754 1089 820 circa
1115 754 1259 822 civitates
1286 756 1427 833 misisse,

359 865 436 933 dum
462 867 500 952 Q.
526 868 644 935 Fabius
675 892 712 935 er
741 868 851 935 tabula
872 870 941 959 ipse
962 868 1042 934 lines
1060 866 1163 933 oculis
1182 869 1246 934 suis
1265 868 1428 949 lustrarit3
1468 908 1471 915 »

359 993 428 1047 turn
458 981 614 1048 Labeonis
644 996 786 1074 tempore
816 983 848 1047 in
882 981 993 1048 ultima
1023 980 1216 1049 occidentali
1234 982 1340 1048 insula
1358 980 1427 1071 Gy·

358 1094 506 1161 douiatae
536 1094 684 1161 adsersus
712 1094 882 1183 Gortynios
912 1093 1126 1185 Cnossiosque
1156 1117 1223 1161 rem
1252 1094 1424 1184 gerebant;

358 1220 470 1274 contra
500 1231 538 1274 er
566 1208 699 1299 epistola
727 1208 869 1300 sequitur
895 1206 1018 1273 bellurn
1045 1219 1123 1273 tuno
1151 1207 1280 1297 gessisse
1310 1208 1427 1274 Hiera-

358 1323 484 1411 pytnios
503 1321 689 1412 ltaniosque
707 1321 740 1386 in
761 1334 900 1387 extrema
916 1320 1063 1386 orientali
1080 1332 1186 1411 parte3
1202 1343 1298 1411 porro
1317 1321 1427 1388 Labeo

357 1446 484 1525 praetor
512 1435 759 1500 controversiam
788 1432 983 1524 composuit,
1013 1444 1120 1497 contra
1151 1432 1184 1497 in
1214 1431 1426 1522 inscriptione

357 1549 479 1638 legatus
510 1570 576 1613 esse
607 1547 759 1625 traditum
792 1547 932 1636 (lenique
960 1546 1027 1636 ipse
1056 1545 1187 1611 tabulae
1208 1568 1307 1613 nexus
1326 1545 1425 1613 docet

357 1660 448 1727 Ilabii
473 1659 560 1727 illius
587 1661 780 1750 legationem
806 1671 879 1751 post
897 1658 1073 1725 Ptolemaei
1093 1658 1316 1726 Philometoris
1334 1683 1424 1727 mor-

356 1786 422 1840 tem
452 1777 519 1842 608
548 1774 692 1853 missam,
725 1786 835 1841 contra
861 1771 971 1837 Labeo
993 1785 1101 1838 noster
1120 1784 1247 1863 praetor
1266 1773 1329 1839 fuit
1346 1777 1424 1840 565.

356 1884 440 1965 Neo,
464 1885 550 1977 quod
573 1887 687 1953 attinet
708 1884 749 1952 ad
770 1884 906 1951 nominis
923 1884 1010 1950 illius
1031 1883 1161 1951 lacinias
1181 1885 1213 1949 in
1235 1884 1345 1951 tabula
1363 1885 1425 1951 ad·

356 1997 421 2065 huc
449 2000 650 2090 conspicuas,
683 2021 793 2066 rerum
821 1997 946 2065 ridetur
964 1997 1157 2087 supplevisse
1177 1997 1354 2077 Bbclrhins,
1377 1999 1424 2065 ita

356 2125 392 2178 ut
422 2113 462 2178 de
489 2113 590 2178 altero
621 2112 659 2197 Q.
685 2110 787 2178 llabio
818 2110 984 2191 Labeone,
1007 2110 1108 2176 nostri
1133 2109 1219 2191 filio,
1242 2133 1307 2176 noo
1333 2114 1426 2202 cogi-

355 2225 490 2292 tandum
511 2225 567 2306 sit3
590 2239 700 2292 eontra
721 2225 846 2291 litterae
862 2230 1015 2289 ΛΠ.ΙΟΝ
1032 2224 1127 2313 longe
1141 2222 1267 2288 facilius
1288 2237 1424 2313 possunt

356 2339 496 2430 suppleri
515 2339 541 2405 si
562 2338 702 2429 legamus
717 2345 905 2412 ΛΠΠΙΟΝ;
930 2358 1040 2401 rerum
1062 2347 1192 2401 nonest
1211 2335 1296 2426 quod
1316 2336 1422 2404 dicam

355 2451 555 2544 praenomini
573 2475 638 2517 non
659 2473 725 2517 esse
744 2450 869 2527 locum,
893 2470 997 2538 neque
1017 2448 1058 2514 de
1076 2471 1141 2514 uno
1162 2449 1302 2515 alterove
1323 2448 1423 2516 Clau-

355 2565 481 2632 iliorum
503 2588 606 2631 sermo
625 2587 692 2630 esse
710 2575 832 2655 potest,
855 2585 928 2628 nam
948 2563 1053 2653 ipsum
1071 2585 1187 2628 nornen
1207 2562 1422 2643 desideratur,

354 2701 414 2745 nec
445 2677 562 2744 suffieit
589 2677 721 2766 simplex
751 2675 834 2742 illud
864 2675 1023 2766 Appium,
1057 2687 1126 2742 tuna
1156 2677 1339 2744 coniunctio
1364 2679 1423 2743 aori

353 2791 570 2858 interserenda
595 2801 690 2869 csse13
714 2812 820 2880 neque
842 2787 907 2854 hnc
925 2787 1008 2855 trahi
1026 2801 1131 2878 potest
1151 2812 1226 2881 ergo
1245 2790 1334 2856 loeus
1355 2791 1422 2855 Po-

354 2904 503 2992 beiauae
529 2916 538 2954 ¹
570 2902 736 2992 legationis
755 2924 819 2992 quo
841 2902 962 2992 Appius
985 2901 1113 2969 Cretam
1132 2903 1244 2969 missus
1264 2926 1330 2969 esse
1351 2914 1421 2969 tra-

354 3016 442 3082 ditur
461 3038 545 3081 anno
566 3019 643 3084 5⁷0.

399 3129 456 3195 Sin
485 3151 560 3195 rero
589 3128 672 3192 inter
691 3128 879 3219 cognomina
899 3128 1072 3195 Fabiorum
1092 3130 1419 3220 circumspiciendum

352 3254 414 3322 est,
443 3253 554 3333 sponte
582 3265 615 3307 se
635 3241 838 3306 commendat
859 3239 1042 3308 Licinorum
1064 3242 1199 3321 familia,
1224 3255 1321 3333 atque
1339 3267 1421 3334 sup-

350 3355 432 3446 pleri
461 3366 566 3446 potest
595 3361 799 3432 AIKINON3
834 3376 943 3419 rerum
973 3354 1016 3420 M.
1037 3354 1155 3420 Fabius
1182 3355 1312 3422 Licinus
1342 3362 1415 3445 (32)

351 3468 462 3534 consul
478 3470 554 3534 anni
571 3471 635 3535 508
653 3466 783 3532 ultimus
800 3489 837 3532 er
852 3464 913 3532 hac
928 3467 1050 3535 familia
1067 3469 1222 3547 innotuit,
1238 3468 1300 3535 iarn
1315 3493 1417 3560 nepos

346 3583 435 3649 illius
454 3581 545 3647 nobis
567 3579 739 3646 sumendus
759 3592 840 3645 esset
859 3578 988 3646 aliunde
1009 3602 1137 3671 prorsus
1156 3582 1293 3670 ignotus.

231 3778 234 3783 ¹
350 3704 354 3711 '
398 3694 486 3779 Quae
511 3716 611 3785 quum
632 3694 677 3758 ita
696 3692 777 3773 sint,
802 3691 904 3758 donec
924 3694 1101 3760 accuratius
1121 3693 1211 3760 loeus
1231 3708 1337 3761 noster
1355 3694 1418 3760 de·

349 3809 483 3897 scriptus
504 3806 579 3883 erit,
595 3802 648 3869 hIc
667 3804 769 3869 valeat
786 3827 808 3868 »
818 3825 947 3870 manum
960 3805 999 3870 de
1017 3805 1158 3885 tabula‚''
1179 3830 1252 3872 nam
1264 3830 1417 3897 nonpos-

349 3944 420 3989 sum
438 3940 583 4011 premere
606 3917 819 4007 suspicionem
840 3917 939 4007 paulo
960 3917 1052 3984 aliter
1069 3942 1135 3985 sese
1155 3919 1272 3986 habere
1291 3921 1414 3990 licinias

347 4036 432 4113 illas,
465 4032 524 4100 sub
554 4030 671 4123 quibus
700 4030 783 4097 forte
803 4030 881 4098 latet
901 4039 1099 4110 ΤΠΑΤΟΝ,
1130 4033 1218 4123 quod
1241 4035 1266 4099 si
1287 4047 1353 4116 est,
1371 4036 1415 4103 de

350 4146 386 4230 Q.
412 4146 511 4212 I'abio
534 4145 672 4210 Maximo
700 4144 832 4209 Eburno
855 4143 925 4232 (51)
955 4145 1160 4235 cogitandum
1182 4160 1277 4226 esset,
1302 4151 1414 4240 quiin

349 4259 479 4325 Graecia
505 4282 563 4350 pro
588 4256 719 4323 consule
741 4256 838 4323 luisse
858 4254 985 4324 ridetur
1003 4281 1088 4324 anno
1108 4264 1174 4327 639
1196 4272 1225 4340 ²,
1249 4263 1305 4353 qui
1325 4263 1413 4329 enirn

376 4507 396 4576 ¹)
414 4504 520 4560 XXIII.
543 4513 572 4559 15
591 4509 604 4573 l
622 4515 645 4559 t.
699 4506 720 4577 ²}
737 4507 776 4561 Cf.
794 4508 856 4573 Cap.
874 4525 910 4562 :aa
928 4510 942 4575 l
960 4515 974 4559 5
993 4511 1067 4562 huius
1084 4512 1164 4569 Libri„
