3210 5300
549 413 570 493 0
592 413 619 475 8.
642 432 785 476 nrcrsron
806 414 875 474 537.
1195 417 1254 478 32³

183 607 323 698 equites,
347 628 427 697 quos
452 608 590 697 captivos
612 628 720 674 secum
741 606 894 687 ducebat,
919 631 1018 699 quum
1040 611 1251 701 agnovissent,

177 720 276 787 facile
293 719 503 811 intelligimus
522 744 576 787 eos
593 745 660 787 non
679 721 829 787 restitisse
849 720 926 787 huic
945 722 1067 803 itineri,
1085 748 1159 791 nam
1178 725 1252 816 pol·

180 834 263 900 liciti
281 845 372 899 erant
391 834 439 898 illi
458 833 651 913 Hannibali,
671 835 696 899 si
716 835 749 899 in
771 833 978 926 Campaniam
1001 838 1176 904 exercitum
1195 836 1254 902 ad·

180 948 368 1027 movissent,
393 944 522 1039 Capuae
550 947 725 1038 potiundae
751 948 876 1039 copiam
906 948 989 1028 fore;
1024 950 1112 1040 quod
1146 962 1250 1016 tamen

181 1061 273 1127 aliter
297 1059 421 1126 cecidit.

223 1174 339 1240 Fabius
376 1186 489 1239 nactus
524 1185 591 1240 erat
631 1172 727 1264 igitur
755 1172 838 1239 hanc
867 1174 1024 1264 egregiam
1052 1173 1252 1240 occasionem

178 1286 372 1353 conficiendi
390 1298 422 1352 et
444 1286 588 1352 funditus
610 1286 740 1354 delendi
762 1310 921 1353 summum
939 1285 1083 1365 hostem,
1101 1287 1134 1351 in
1146 1299 1254 1353 custo·

179 1399 230 1464 dia
240 1400 374 1465 Falerna
397 1398 556 1465 inclusum
577 1423 649 1466 eum
663 1411 786 1479 tenens,
808 1412 841 1466 et
860 1400 910 1464 vel
922 1399 966 1465 sic
975 1412 1081 1464 tamen
1093 1400 1252 1491 carpenda

178 1512 370 1602 negligentia
398 1535 472 1578 eum
502 1512 587 1577 elabi
616 1535 724 1602 passus
753 1524 815 1589 est,
845 1510 899 1577 sed
931 1511 983 1577 dei
1014 1510 1251 1601 prohibuerunt

179 1625 263 1690 vinci
290 1624 514 1690 Hannibalem.
553 1625 660 1690 Evasit
690 1647 804 1713 nempe
831 1647 869 1690 er
886 1624 1074 1691 imminente
1090 1625 1249 1716 periculo,

178 1760 236 1827 per
265 1760 361 1827 quem
390 1735 506 1803 saltum
536 1737 658 1816 nesei03
682 1738 858 1803 accuratius
885 1738 918 1802 in
938 1759 1007 1804 eam
1026 1760 1094 1803 rem
1115 1737 1252 1827 inquisi-

180 1861 295 1915 verunt
322 1847 469 1914 hodierni
494 1849 760 1939 peregrinatores,
794 1849 848 1915 sed
880 1848 943 1915 boc
976 1873 1042 1915 nou
1069 1873 1252 1941 persequar.

179 1961 353 2027 Videamus
379 1962 486 2052 potius
506 1963 696 2052 quibusnam
716 1961 838 2028 insidiis
858 1962 888 2027 ei
907 1963 1091 2028 successerit
1110 1963 1252 2052 pruden-

181 2088 247 2142 tem
268 2073 495 2142 Cunctatorem
516 2075 646 2155 lallere,
670 2087 842 2166 postquam
862 2087 965 2141 totum
986 2075 1079 2140 illum
1100 2088 1255 2155 tractum,

180 2187 237 2278 qui
265 2209 339 2252 eum
368 2187 528 2252 inclusum
555 2188 699 2266 tenebat,
723 2187 912 2254 devastasset
937 2202 965 2266 ¹,
997 2199 1030 2253 et
1059 2186 1264 2279 Campaniae,

180 2300 260 2365 fides
276 2300 398 2366 lirmior
413 2300 609 2390 apparuisset
625 2323 722 2391 quam
740 2312 992 2390 exspectaverat3
1010 2299 1140 2365 tandem
1156 2301 1255 2366 relin-

182 2412 327 2504 quendus
347 2426 414 2479 erat
435 2436 508 2503 ager
526 2414 581 2478 ille
601 2413 756 2479 Falernus
775 2436 904 2503 prorsus
926 2413 1147 2505 depopulatus.

226 2527 398 2616 Postquam
416 2530 503 2594 5000
528 2527 727 2615 captivorum
744 2527 917 2617 iugulasset
938 2527 1114 2593 seeundum
1132 2527 1254 2617 Appia·

181 2660 259 2703 num
281 2649 310 2719 ²,
335 2661 416 2728 quae
447 2639 529 2704 lama
559 2637 707 2705 nonnihil
729 2650 875 2728 suspecta
895 2652 957 2720 est,
982 2662 1055 2705 nam
1086 2641 1171 2706 unde
1193 2640 1257 2705 tale

180 2775 294 2840 agmen
313 2751 478 2818 habebat?
494 2753 593 2843 paulo
604 2764 677 2817 ante
693 2765 871 2843 pugnatum
885 2765 951 2818 erat
962 2751 1108 2843 quidem,
1130 2753 1257 2819 sednon

181 2877 248 2931 tam
269 2866 434 2944 atrociter,
459 2878 495 2931 ut
515 2878 637 2931 tantum
659 2889 772 2956 agmen
789 2866 822 2930 in
843 2866 1061 2956 captivitatem
1080 2866 1255 2932 deducere·

181 2990 243 3045 tur.
279 2978 386 3044 Tum³
406 2978 503 3044 boves
524 2979 563 3044 ad
589 2978 654 3044 duo
680 2979 782 3044 millia
804 2979 949 3070 collegit,
984 3003 1120 3069 quornm
1148 2980 1255 3046 corni·

179 3091 240 3156 bus
262 3089 360 3154 fasces
380 3075 610 3157 sarmentorum
630 3113 730 3181 quum
747 3091 935 3181 praeligatus
952 3092 1181 3172 incendissent,
1202 3116 1254 3158 eas

179 3226 237 3294 per
260 3203 325 3270 rim
353 3227 444 3293 agere
472 3205 562 3270 iussit
590 3204 622 3269 in
654 3204 782 3291 iugum,
805 3205 892 3270 iuxta
912 3202 998 3294 quod
1019 3227 1077 3294 per
1094 3206 1254 3293 angustias

181 3316 333 3408 quasdam
351 3329 449 3382 noctu
469 3317 536 3407 ipse
554 3339 626 3382 cum
647 3327 715 3381 toto
735 3317 874 3382 exercitu
894 3316 1082 3383 elaberetur.
1116 3316 1254 3383 Romani

180 3430 267 3519 ignes
285 3430 319 3495 in
337 3430 468 3496 summis
488 3429 652 3495 montibus
672 3441 837 3495 cernentes
855 3452 913 3520 per
933 3429 1006 3519 iuga
1025 3429 1084 3495 ista
1101 3427 1252 3495 hostilem

181 3542 354 3609 exercitum
375 3543 462 3609 abire
482 3543 560 3622 rati,
584 3566 650 3609 nou
670 3556 901 3633 occupaverant
913 3542 1087 3632 angustias,
1105 3566 1252 3633 perquas

181 3656 285 3723 salvus
313 3656 413 3722 hostis
443 3657 567 3748 elapsus
599 3669 661 3735 est,
695 3656 760 3723 sive
786 3656 850 3722 levi
879 3656 1003 3747 proelio
1024 3656 1056 3720 in
1078 3656 1153 3746 ipsis
1172 3656 1252 3747 iugis

179 3794 197 3834 a
229 3768 342 3834 Poenis
373 3768 566 3835 detineretur
597 3769 731 3849 Fabius,
760 3769 825 3835 sive
858 3782 990 3860 propter
1018 3771 1166 3835 tenebras
1187 3792 1252 3835 uon

181 3902 276 3947 ausus
304 3880 343 3945 sit
373 3879 496 3947 bostem
522 3882 652 3972 aggredi
671 3882 804 3973 eiusque
823 3883 884 3948 iter
904 3883 1080 3973 impedire,
1101 3896 1251 3949 metune

181 3994 264 4060 dolis
281 3993 578 4076 circumveniretur,
594 4018 693 4086 quum
708 3997 850 4062 crederet
861 3996 984 4061 hostem
996 4020 1052 4089 per
1062 3998 1134 4087 iuga
1147 3997 1249 4076 abire,

183 4107 216 4173 in
244 4107 361 4198 quibus
383 4106 467 4173 faces
488 4122 717 4199 apparuerant,
742 4109 866 4175 solebat
887 4110 972 4175 enim
995 4109 1043 4174 his
1064 4109 1112 4174 uti
1132 4111 1252 4176 exerci-

212 4309 232 4377 1)
249 4311 306 4361 Liv.
316 4310 407 4360 XXII.
420 4316 463 4371 13,
478 4317 517 4360 14.
562 4307 582 4367 ²)
601 4309 670 4361 Han.
683 4318 722 4363 14.
766 4309 787 4379 ⁸)
804 4312 896 4378 Polyb.
909 4313 1257 4380 111.⁴aa-94;Liv.xx11.

179 4400 295 4454 15-18;
310 4396 378 4447 Plut.
393 4394 456 4446 Feb.
473 4400 502 4456 6,
516 4399 542 4455 7,
559 4393 622 4445 Fac.
634 4404 657 4445 ct
664 4395 723 4447 Per.
739 4403 769 4458 23
783 4397 851 4462 App.
861 4396 930 4446 Han.
943 4400 988 4458 14,
1010 4402 1039 4447 15
1047 4419 1055 4458 ;
1072 4398 1162 4449 Zonar.
1181 4401 1259 4450 VIII.

177 4484 225 4540 sa;
244 4481 309 4544 Nep.
328 4477 394 4530 Han.
415 4485 428 4530 5
449 4482 464 4545 ς
484 4486 513 4541 0,
531 4480 619 4531 Frons.
639 4477 716 4532 Sarac.
734 4483 757 4533 Ι.
776 4487 790 4531 5
810 4482 823 4548 t
840 4487 887 4542 ae;
906 4482 1258 4538 Sit.1tot.V11.aro-atc.

1090 4571 1160 4631 21*
