3194 5302
366 435 405 496 78
454 451 753 503 umbrosorum.
767 450 927 497 siruamus
938 436 992 518 (8).
1013 436 1035 519 l
1046 437 1074 498 2.
1091 455 1167 500 rma.
1180 454 1240 499 uir..
1253 440 1278 501 1.
1289 439 1357 502 339.

369 624 627 719 Haudquaquam
649 652 758 706 rerum
778 641 840 708 est,
859 654 932 696 sana
953 631 1034 697 ratio
1050 633 1243 700 contrarium
1260 654 1365 703 rerum
1386 658 1439 701 or·

366 741 479 808 dinem
502 742 632 822 suadet,
656 765 752 834 quem
774 742 906 809 historia
925 745 1058 825 evincit,
1080 746 1160 812 duos
1180 770 1296 839 nempe
1315 750 1438 814 aerario

368 856 489 922 Romae
508 856 681 946 praefuisse
700 870 732 923 et
751 870 861 948 postea
880 857 1009 924 demum
1032 861 1133 924 auctis
1153 861 1359 941 muneribus,
1380 864 1437 928 sti·

366 968 520 1057 pendium
542 983 576 1034 ut
595 971 754 1037 solverent
772 971 945 1051 militibus,
969 971 1049 1038 ‹luos
1070 974 1251 1053 accessisse,
1282 976 1340 1065 qui
1359 997 1437 1040 con·

363 1082 453 1157 sules
476 1084 714 1149 comitarentur.
765 1083 869 1167 Quum
902 1084 1029 1150 Tacitus
1055 1107 1131 1176 ergo
1151 1085 1192 1152 de
1215 1087 1437 1177 quaestoribus

364 1196 473 1263 locum
502 1196 582 1261 adeo
609 1196 694 1262 male
718 1209 920 1288 perspectum
940 1196 1104 1278 babuerit,
1128 1222 1193 1264 non
1214 1212 1260 1266 est
1279 1222 1336 1265 cur
1354 1201 1437 1265 alte·

364 1331 435 1375 rum
455 1332 593 1376 errorem
614 1310 655 1375 ab
676 1310 763 1376 illius
784 1310 911 1400 ingenio
932 1311 1074 1378 alienum
1095 1311 1260 1380 ducamus.

606 1470 623 1552 §
649 1470 679 1532 2.
714 1466 882 1534 Tribunus
906 1471 1049 1536 militum
1073 1474 1096 1536 l.
1122 1475 1196 1536 339.

486 1627 513 1674 u.
531 1627 631 1675 merus
650 1629 676 1692 Q.
696 1629 720 1677 r.
739 1630 769 1677 n.
790 1629 815 1677 rr.
835 1629 1029 1679 vrauusuos1.

488 1712 514 1775 o.
533 1712 682 1775 coturnos
703 1714 728 1761 s.
747 1715 771 1762 r.
792 1714 816 1762 L.
838 1715 864 1763 r.
883 1714 1082 1765 assummum.

488 1798 520 1844 P.
540 1797 742 1846 coenamus
757 1801 784 1849 u
804 1799 829 1847 r.
850 1800 880 1848 r.
900 1800 933 1849 iv.
951 1799 1060 1847 cossus.

488 1881 514 1929 c.
537 1883 711 1931 rannerus
726 1885 754 1932 a.
774 1883 803 1931 F.
825 1884 950 1933 rores!
964 1885 998 1934 N.
1017 1883 1133 1933 cornus
1152 1883 1283 1938 tOLUStJS.

405 1993 564 2061 Diodorus
595 1993 691 2061 huius
720 1997 858 2087 priorem
892 1998 1087 2063 tribunatum
1110 1999 1193 2077 Pale
1217 1996 1343 2076 tribuit,
1368 2021 1432 2065 nou

359 2118 465 2184 recte,
494 2118 531 2171 ut
563 2105 680 2173 docent
707 2107 804 2174 Fasti.
852 2107 961 2174 Nostri
983 2109 1216 2198 magistratus²
1242 2109 1432 2177 innotuisset

356 2220 484 2286 duobus
503 2219 634 2286 assiduis
654 2220 748 2287 bellis
765 2234 877 2288 contra
890 2222 1039 2289 Veientes
1054 2234 1086 2289 et
1105 2223 1248 2312 Aequos,
1270 2223 1304 2289 ni
1318 2224 1430 2290 Veiens

360 2333 483 2401 bellum
503 2334 676 2401 distulisset
695 2335 852 2401 nobilium
872 2336 1003 2425 religio,
1019 2358 1156 2426 quornm
1177 2336 1268 2401 villas
1286 2347 1319 2402 et
1338 2360 1430 2427 agros

357 2445 481 2513 Tiberis
499 2471 594 2539 super
612 2449 695 2539 ripas
716 2449 834 2515 effusus
853 2460 1036 2515 vastaverat.
1084 2429 1145 2514 Sic
1157 2449 1265 2515 Livius
1285 2450 1376 2517 nobis
1397 2463 1429 2517 et

356 2559 488 2627 lortasse
507 2562 634 2628 sibimet
655 2563 722 2652 ipse
744 2563 895 2653 imposuit
920 2585 978 2652 per
1003 2561 1094 2629 istam
1119 2561 1324 2652 religionem
1356 2586 1426 2630 vcra

352 2695 448 2738 causa
462 2674 539 2752 fuit,
552 2674 639 2764 quod
651 2679 694 2742 20
704 2697 859 2741 annorum
872 2675 1017 2741 indutiae
1028 2674 1172 2740 nondum
1183 2676 1428 2766 praeteriissent.

400 2786 504 2876 Aequi
537 2808 635 2876 quum
667 2787 803 2853 triennio
830 2799 904 2854 ente
931 2790 1049 2853 maiore
1069 2788 1161 2853 clade
1182 2788 1288 2853 allecti
1307 2801 1426 2867 essent,

354 2921 443 2964 nune
464 2898 590 2963 Bolanis
616 2900 769 2967 auxilium
790 2902 872 2968 ferre
894 2924 956 2966 nnn
979 2913 1144 2991 poterant,
1169 2913 1203 2967 ut
1226 2900 1276 2966 illi
1297 2924 1427 2992 exspec-

355 3023 516 3089 taverant;
539 3034 611 3077 num
636 3013 667 3078 in
688 3015 849 3081 conlinem
871 3037 980 3106 agrum
1002 3014 1213 3092 Lavicanum,
1237 3036 1334 3105 quem
1352 3016 1428 3080 novi

353 3125 571 3192 Romanorum
605 3126 712 3193 coloni
741 3128 911 3206 tenebant,
945 3129 1125 3219 irruperant
1148 3149 1278 3193 suorum
1302 3127 1427 3193 auxiliis

354 3238 440 3318 freti3
466 3261 548 3329 qnae
568 3262 668 3329 quum
687 3263 752 3308 non
774 3242 1053 3319 submitterentur,
1076 3241 1164 3306 facili
1179 3241 1308 3329 negotio
1330 3241 1426 3306 Bulee

352 3365 385 3418 et
403 3353 471 3442 agri
489 3354 575 3443 eapti
593 3367 675 3418 sunt.
711 3353 868 3445 Sequenti
883 3377 968 3420 anno
986 3355 1090 3444 Aequi
1107 3366 1297 3443 receperunt
1315 3353 1426 3432 Bolas,

329 3466 332 3473 ’
349 3466 469 3556 quibus
486 3466 624 3532 Romani
638 3491 703 3533 uon
723 3468 909 3558 imposuisse
928 3466 1077 3532 videntur
1088 3465 1291 3557 praesidium.
1319 3465 1424 3532 Huius

351 3579 398 3646 rei
410 3600 536 3645 causam
553 3580 662 3646 Livius
680 3581 721 3647 de
732 3603 820 3646 more
832 3604 897 3647 non
909 3592 995 3646 reete
1009 3579 1155 3658 tradidit,
1171 3579 1297 3669 scripsit
1306 3601 1424 3670 nempe

350 3714 454 3758 unum
486 3693 526 3759 de
557 3694 693 3759 tribunis
711 3695 836 3773 tulisse,
862 3706 899 3759 nt
920 3693 1078 3760 coloniam
1100 3693 1192 3758 Bnlas
1210 3692 1423 3773 deducerent,

348 3805 406 3871 sed
427 3807 640 3873 intercessisse
654 3808 810 3899 collegas,
835 3807 891 3898 qui
911 3807 1038 3873 nullum
1058 3806 1263 3897 plebiscitum
1284 3807 1345 3872 nisi
1362 3831 1422 3898 pa·

349 3918 453 3984 tribus
465 3919 648 3985 auctoribus
659 3920 793 4010 perlerri
803 3943 835 3987 se
845 3942 992 4010 passuros
1003 3918 1170 3998 dicebant3
1180 3942 1244 3984 nnn
1251 3919 1348 3985 credo
1358 3919 1420 3986 hoe

349 4031 494 4111 subesse,
514 4056 588 4099 nam
609 4057 673 4099 non
690 4035 763 4099 satis
780 4033 821 4099 de
841 4034 958 4124 Aequis
978 4045 1045 4099 erat
1065 4032 1280 4115 debellatum,
1303 4032 1419 4098 utiam

348 4145 477 4211 colonia
498 4147 607 4225 fieret,
625 4148 771 4238 suppleta
793 4161 866 4214 sunt
885 4147 943 4212 ista
963 4159 995 4211 et
1015 4145 1164 4212 historiae
1183 4145 1396 4212 adversantur.

379 4427 398 4493 ¹)
415 4429 484 4480 urst.
500 4429 562 4493 Cap.
581 4430 607 4478 h.
626 4445 648 4479 a.
668 4437 692 4480 et
711 4432 774 4489 3473
793 4431 850 4480 Lis.
869 4429 918 4481 1v.
938 4433 984 4488 493
1003 4427 1075 4477 Diod.
1086 4427 1136 4479 Sic.
1148 4426 1224 4478 XIII.
1234 4432 1283 4486 345
1301 4427 1352 4476 An.
1361 4427 1421 4476 Nor.

338 4509 565 4580 bmmm

1490 110 1496 123 ’
