3190 5304
346 467 406 531 434
557 483 643 530 rtur.
664 483 767 529 riorus
789 485 817 535 o.
838 487 867 530 r.
888 486 915 535 o.
937 485 966 530 rs.
987 483 1120 528 narinus
1141 466 1218 549 (56).

310 644 312 655 l
359 660 478 744 luisse,
511 663 567 759 qui
596 664 720 755 primus
749 663 819 730 loro
846 664 993 730 Romano
1019 662 1129 729 intulit
1153 660 1310 729 comicum
1330 662 1425 728 illurn

360 776 531 857 morbum,
563 800 628 867 quo
655 789 756 845 aetate
786 776 927 844 Senecae
956 776 1138 854 laborabat,
1171 774 1211 842 de
1238 799 1304 866 quo
1331 774 1431 842 Sere·

361 913 415 954 rus
452 890 592 970 Cassius,
628 904 800 982 antequam
833 890 874 955 ab
908 891 966 956 illo
996 913 1067 956 reus
1096 901 1257 980 ageretur,
1292 889 1429 955 dixerat:

341 1002 490 1086 ¹»Quasi
515 1007 668 1075 disertus
699 1029 746 1085 es,
780 1004 871 1095 quasi
901 1004 1056 1071 formosus
1082 1028 1130 1084 es,
1159 1005 1249 1094 quasi
1269 1002 1356 1069 dives
1376 1027 1429 1084 es,

363 1139 464 1183 uuum
492 1131 617 1184 tantum
644 1142 709 1185 non
737 1142 769 1184 es
794 1119 899 1209 quasi,
932 1121 1063 1208 vappa.''
1109 1116 1261 1206 lntelligo
1290 1116 1430 1182 eundem

362 1244 509 1301 nostrum
536 1232 687 1312 Fabium,
719 1256 795 1298 uam
820 1231 934 1299 eodem
960 1230 1022 1297 hoe
1046 1243 1195 1323 tempore
1218 1230 1295 1297 ririt
1318 1229 1430 1296 adrer-

362 1347 461 1410 sarius
485 1345 552 1412 iste.

735 1509 753 1592 §
778 1509 807 1571 3.
855 1502 967 1571 Mors'
980 1506 1057 1570 767.

409 1683 541 1753 Constat
561 1686 700 1777 denique
720 1684 812 1753 Fabii
831 1685 1031 1776 Augustique
1049 1684 1190 1749 amicitia
1208 1706 1247 1748 ex
1268 1706 1323 1762 eo,
1341 1682 1428 1773 quod

346 1798 428 1875 ,eius
450 1811 587 1865 mortem
607 1799 787 1890 praecessit.
822 1799 973 1888 Princeps
992 1797 1162 1889 Agrippam
1178 1796 1311 1862 unicum
1327 1820 1429 1886 nepo·

362 1922 428 1978 tem
452 1935 543 1979 suurn
563 1937 601 1978 er
629 1912 712 1979 lulla
740 1913 773 1978 in
802 1911 938 1978 insulam
958 1911 1136 1976 Planasiam
1155 1910 1364 2001 relegaverat,
1388 1908 1428 1975 ad

362 2047 458 2114 quem
471 2025 636 2092 visendum
659 2049 759 2116 quum
775 2027 872 2117 paulo
891 2037 966 2091 ante
986 2048 1078 2090 suam
1096 2036 1230 2090 mortem
1249 2048 1286 2091 se.
1301 2024 1429 2090 conier-

362 2151 429 2218 ret,
453 2140 570 2207 Fabius
599 2139 684 2206 solus
712 2161 785 2205 eum
814 2138 982 2205 comitatus
1004 2149 1060 2205 est.
1106 2136 1257 2205 Nostrum
1281 2137 1428 2227 intelligo

360 2251 552 2331 Maximum,
576 2253 701 2318 etiarnsi
717 2251 848 2318 Tacitus
868 2262 876 2299 ¹
901 2274 1019 2317 nomen
1039 2249 1183 2329 reticuit,
1201 2250 1256 2316 sed
1274 2250 1396 2316 Seneca
1415 2261 1427 2301 ²

360 2365 494 2433 eandem
521 2390 589 2432 rem
612 2389 743 2431 narrans
761 2365 898 2431 Paulum
915 2365 1052 2430 Fabium
1073 2364 1248 2430 lllarimura
1267 2365 1429 2444 nominat,

361 2475 538 2545 dummodo
562 2477 653 2544 locus
677 2477 733 2542 ille
761 2498 856 2542 sanus
882 2487 947 2554 est,
971 2489 1039 2542 tum
1063 2476 1190 2542 Tacitus
1210 2477 1277 2541 eius
1297 2499 1427 2543 uxorem

359 2602 516 2659 memorat
537 2589 711 2670 Marciam,
733 2588 885 2668 eandem,
908 2590 1038 2681 opinor,
1055 2589 1095 2655 de
1112 2612 1177 2679 qua
1195 2587 1327 2656 Ovidius
1344 2591 1429 2655 ecci·

361 2715 452 2775 nerat
472 2715 501 2769 ⁸.
548 2702 667 2768 Mareia
690 2703 763 2782 illa,
786 2714 823 2767 ut
843 2702 919 2768 anni
939 2701 1071 2780 docent,
1096 2702 1164 2767 filia
1183 2702 1281 2768 fuisse
1301 2701 1427 2769 ridetur

361 2816 398 2881 L.
417 2815 530 2883 Marcii
548 2814 689 2906 Philippi
708 2817 862 2906 praeturis
883 2839 969 2882 annu
988 2819 1065 2883 710.
1113 2815 1197 2880 lline
1218 2815 1427 2906 intelligimus

362 2950 420 2993 eur
431 2928 470 2992 ad
492 2928 583 2994 Fabii
596 2948 728 2995 uxorem
745 2924 1109 3019 quoque'prorocarerit
1127 2936 1238 3019 pocta,
1254 2942 1323 2995 erat
1342 2930 1426 2995 enirn

362 3040 515 3108 affinitate
547 3039 684 3131 quadam
712 3041 851 3131 principi
871 3041 995 3120 inccta,
1014 3065 1094 3107 uam
1113 3042 1274 3133 privignus
1296 3042 1428 3131 Augusti

362 3152 399 3220 L.
420 3154 558 3219 Marcius
575 3150 742 3244 Philippus
755 3175 848 3220 cons.
863 3157 928 3221 697
947 3178 1026 3221 arus
1039 3155 1101 3220 fuit
1118 3155 1427 3221 Marciae‘nostraet

410 3265 529 3333 Fabius
559 3268 649 3333 uxori
675 3267 800 3357 aperuit
827 3267 914 3358 quod
934 3268 968 3333 in
988 3268 1134 3337 Planasia
1151 3269 1289 3349 viderat,
1312 3269 1428 3335 multas

364 3402 482 3472 nempe
512 3381 673 3473 utrimque
699 3381 847 3447 lacrimas
863 3382 961 3447 luisse
981 3360 1014 3447 et
1033 3383 1121 3472 signa
1141 3383 1299 3461 caritatis,
1332 3395 1428 3473 atque

363 3516 451 3585 spem
480 3494 567 3570 fore,
601 3505 637 3559 ut
669 3493 807 3586 Agrippa
833 3494 1004 3586 penatibus
1033 3497 1086 3562 ari
1113 3495 1310 3563 redderetur.
1366 3495 1429 3562 Sed

363 3618 399 3670 ut
419 3607 487 3671 lieri
510 3606 607 3685 solet,
629 3607 778 3673 mulieres
797 3608 983 3699 garrulitate
1002 3609 1167 3690 laborant,
1190 3622 1288 3701 atque
1311 3610 1425 3676 Marcia

363 3741 477 3785 arcana
506 3718 567 3785 ista¹
594 3742 660 3787 nou
686 3720 747 3787 sibi
772 3722 942 3788 reservavit
962 3745 1071 3789 rerum
1090 3746 1164 3790 cum
1184 3723 1276 3790 Liria
1296 3723 1427 3815 Augusti

364 3854 462 3899 rmore
487 3833 751 3913 communicarit,
780 3845 813 3899 et
836 3835 881 3900 sic
900 3836 968 3925 ipse
986 3837 1135 3928 princeps
1154 3837 1346 3928 proditionis
1360 3861 1426 3904 cer-

363 3945 427 4009 tior
451 3943 553 4011 lactus
580 3958 646 4024 est,
675 3948 731 4036 qui
754 3947 849 4012 valde
872 3950 1050 4027 metuebat,
1074 3973 1114 4014 ne
1136 3950 1199 4015 ista
1215 3973 1265 4016 res
1284 3950 1427 4042 divulga-

363 4069 467 4137 retur,
501 4072 539 4126 ac'
566 4057 673 4149 palam
704 4060 905 4150 postularent
931 4073 966 4127 ut
994 4062 1164 4153 Agrippam
1191 4077 1370 4144 reuocaret,
1397 4075 1428 4128 et

366 4169 411 4234 sic
434 4171 547 4236 turbae
574 4184 786 4238 nascerentur.
833 4173 981 4265 Denique
1000 4199 1072 4241 non
1095 4177 1199 4243 multo
1221 4189 1294 4266 post
1316 4176 1427 4243 Fabius

390 4441 410 4507 ¹)
429 4440 492 4494 Ana.
511 4446 533 4496 Ι.
552 4451 577 4495 5.
629 4444 650 4514 ²)
669 4446 710 4497 De
729 4449 792 4501 olan.
811 4451 833 4500 Ι.
853 4455 877 4500 9.
935 4446 955 4516 ³)
975 4447 1115 4527 Ex'Pontc
1131 4452 1154 4503 1.
1171 4457 1195 4502 2.
1213 4457 1270 4503 142.
1324 4453 1345 4519 ⁴)
1364 4450 1431 4505 orid-
1473 4467 1477 4473 ·
1575 4490 1576 4495 ,

355 4526 425 4581 Fost.
444 4530 492 4581 VI.
513 4534 658 4583 sul-ero.
1575 4534 1576 4539 ¹
