3210 5300
341 412 401 476 ³14
484 431 511 480 n.
537 428 639 473 rannus
660 431 689 480 n.
710 431 737 474 r.
759 429 787 478 o.
808 427 837 471 n.
858 426 988 471 ursinus
1009 427 1179 474 cuucraron
1198 411 1273 494 (33).

345 610 467 690 riculo;
491 609 598 676 statim
621 618 688 673 erat
712 606 889 697 agendum,
913 604 1053 695 legiones
1072 605 1235 676 Placentia
1253 630 1411 679 revocan-

345 723 422 803 dae,
452 745 530 813 quas
551 721 643 787 citius
663 720 698 785 in
718 719 880 786 Etruriam
900 731 1006 810 posset
1027 718 1197 800 reducere,
1221 744 1321 812 quum
1348 749 1412 815 per.

344 860 413 904 eam
439 834 522 900 forte
542 832 703 922 regionem
723 830 886 897 Hannibal
915 832 1057 899 intraret.
1103 831 1224 899 ductae
1245 847 1318 901 suut
1337 838 1404 905 niue

343 949 443 1021 dubio
470 949 548 1015 istae
578 944 812 1011 criminationes
841 968 859 1010 a
888 944 1040 1034 posteris,
1064 946 1120 1034 qui
1139 945 1302 1014 crederent
1322 973 1404 1040 quae

341 1076 414 1157 post
440 1072 579 1152 spretam
602 1058 790 1147 religionem
810 1056 991 1123 acciderant
1012 1069 1180 1148 propterea
1207 1058 1314 1128 locum
1344 1060 1403 1129 he·

341 1177 462 1254 buisse3
490 1171 608 1263 posteri
632 1171 814 1237 maluerunt
832 1169 984 1239 Flaminii
1004 1168 1128 1241 cladem
1149 1169 1252 1237 cultui
1271 1171 1402 1242 deorum

341 1289 489 1381 neglecto
518 1284 659 1351 tribuere
690 1306 787 1373 quam
816 1305 890 1348 suae
913 1283 1060 1372 ignaviae
1087 1295 1119 1349 et
1144 1284 1258 1350 Poenis
1279 1309 1312 1355 re
1333 1311 1406 1356 vera

344 1399 575 1493 superioribus3
609 1396 747 1486 denique
776 1393 955 1475 contendo,
988 1394 1014 1460 si
1043 1395 1093 1462 rel
1120 1395 1200 1462 nibil
1220 1400 1404 1488 neglexisset

342 1514 531 1591 Flaminius,
550 1534 623 1577 eum
645 1520 827 1600 superatum
846 1530 923 1574 esse.
970 1506 1102 1573 Modum
1119 1525 1319 1578 excesserunt
1337 1514 1405 1581 tto·

342 1628 430 1698 mani
448 1627 482 1691 in
503 1622 662 1714 carpendo
680 1621 859 1699 Pleminio,
888 1621 946 1711 qui
964 1620 1085 1687 insidiis
1105 1622 1338 1691 circumventus
1358 1641 1405 1694 est

342 1746 410 1815 eius
431 1742 536 1820 ducis,
560 1736 717 1830 quemad
738 1736 913 1803 Casilinum
933 1759 998 1802 nou
1015 1734 1134 1802 delerit
1149 1736 1281 1820 Fabius,
1304 1761 1404 1830 quum

341 1867 482 1949 poterat,
504 1855 536 1919 in
553 1875 617 1943 quo
632 1849 794 1917 laudando
810 1849 937 1917 nullum
954 1848 1053 1919 iidem
1069 1862 1241 1916 tenuerunt
1258 1851 1406 1933 modum,

343 1971 398 2037 sed
417 1968 561 2058 religiose
581 1965 638 2030 ille
656 1986 714 2054 per
737 1967 779 2029 16
798 1963 865 2028 dies
885 1984 970 2028 sacra
992 1962 1121 2029 fecerat.

387 2079 561 2149 Redundet
584 2077 682 2168 igitur
706 2075 829 2166 aliquid
847 2075 950 2141 laudis
968 2074 1002 2140 in
1024 2076 1173 2142 miserum
1195 2077 1410 2161 Flaminium,

342 2196 395 2262 cui
423 2192 620 2284 sagacissimo
649 2189 728 2255 belli
748 2188 823 2253 duci
841 2187 949 2255 Livius
971 2188 1100 2255 laudem
1120 2187 1301 2280 denegarit,
1324 2215 1407 2283 quo-

342 2311 429 2376 niam
459 2306 529 2372 aliis
559 2303 599 2369 de
630 2302 732 2369 causis
763 2301 882 2376 invisus
912 2300 1009 2366 luerit
1033 2302 1178 2391 patribus
1203 2305 1293 2394 atqui
1316 2305 1408 2372 Lirin

342 2441 488 2513 quoque;
519 2416 605 2482 solus
629 2437 746 2504 nempe
770 2437 806 2479 er
826 2413 882 2478 illo
901 2412 1011 2478 ordine
1032 2413 1195 2482 adiuverat
1216 2429 1224 2466 ¹
1251 2415 1288 2501 Q
1309 2417 1408 2484 Clau.

343 2534 432 2601 dium
454 2531 639 2607 tribunum,
663 2550 762 2619 quum
780 2548 865 2591 anuo
888 2537 961 2591 aute
981 2526 1083 2615 legem
1102 2528 1326 2596 severissimam
1343 2531 1409 2597 fer-

343 2660 407 2726 ret,
441 2668 482 2710 ne
510 2643 582 2734 quis
602 2652 727 2709 senator
747 2640 839 2705 oniae
859 2639 1033 2704 senatorius
1053 2652 1145 2729 pater
1163 2640 1289 2722 luisset,
1311 2645 1409 2709 mari·

341 2761 452 2826 timam
482 2777 612 2834 narem,
642 2775 724 2843 quae
752 2753 826 2842 plus
857 2774 953 2842 quam
979 2754 1044 2817 300
1066 2751 1291 2842 amphorarum
1312 2767 1410 2835 esset,

342 2872 491 2947 baberet3
525 2868 590 2935 lata
619 2877 687 2930 erat
716 2864 795 2930 haec
820 2865 885 2944 lex,
916 2875 950 2928 ut
969 2875 1127 2930 senatores
1146 2865 1262 2933 fundos
1283 2880 1409 2935 tantum

342 2981 556 3075 possiderent,
587 3000 647 3044 nec
670 2990 848 3043 mercatura
871 2975 1047 3066 pollerent,
1072 3000 1154 3066 quae
1175 2980 1335 3069 equitibus
1355 3005 1409 3048 re-

344 3097 562 3186 linqueretur,
585 3092 642 3182 qui
663 3091 708 3157 sio
729 3113 794 3157 non
815 3101 974 3155 certarent
994 3111 1067 3155 curu
1088 3088 1296 3158 senatoribus.

387 3208 462 3274 Post
491 3207 613 3272 tristem
641 3215 792 3270 eventum
815 3223 941 3293 pugnae
959 3201 999 3268 ad
1018 3202 1123 3269 lacum
1144 3203 1408 3286 Trasimenicam,

342 3343 439 3413 quam
467 3317 519 3384 hic
546 3341 611 3383 non
638 3338 810 3408 persequar
834 3326 864 3394 2,
895 3314 937 3380 de
965 3315 1066 3380 Roma
1093 3326 1199 3383 actum
1226 3319 1406 3397 ridebatnr;

346 3434 478 3511 auxilia,
512 3454 594 3521 quae
623 3430 704 3496 alter
728 3428 840 3499 consul
861 3426 1012 3494 Servilius
1033 3428 1175 3496 Arimino
1194 3432 1280 3499 misit
1297 3446 1409 3502 contra

343 3546 573 3624 Hannibalem,
605 3544 820 3610 circumventa
849 3552 938 3619 sunt,
962 3562 1043 3631 quae
1068 3564 1167 3631 quum
1188 3567 1252 3610 non
1271 3547 1410 3637 amplius

342 3672 447 3731 esseut
467 3657 648 3737 metuendi,
675 3657 798 3723 Poenus
820 3655 955 3721 Romam
974 3655 1094 3744 pergit,
1116 3655 1184 3746 ipsa
1200 3658 1249 3722 ria
1270 3658 1407 3739 ducente

343 3799 402 3867 per
431 3772 593 3843 Perusiam
626 3769 737 3848 oredo,
768 3768 970 3858 Pulginium,
1004 3767 1165 3851 Treriam,
1195 3769 1358 3862 Spoletum
1381 3780 1409 3843 ⁸.

343 3889 412 3956 Iam
440 3885 504 3953 hoc
524 3882 679 3976 oppidum
708 3892 774 3947 erat
804 3880 1012 3971 capiendum,
1045 3882 1071 3946 si
1093 3882 1266 3972 procedere
1292 3885 1408 3966 rellet3

345 3999 400 4070 aed
429 3998 483 4067 hic
515 3997 656 4064 substitit
676 3994 864 4063 Hannibalis
885 3994 1025 4060 fortuna.
1074 3993 1241 4088 Quotquot
1261 3997 1407 4066 laborum

345 4113 465 4181 strenui
497 4111 615 4178 milites
647 4109 789 4200 perpessi
817 4119 935 4188 essent,
967 4106 1081 4173 urbem
1110 4119 1222 4178 natura
1250 4113 1407 4189 munitam

372 4386 393 4453 ¹)
410 4388 469 4437 Liv.
483 4385 561 4435 XXI.
580 4388 622 4435 63.
674 4381 695 4452 ²)
712 4383 862 4449 Polynlss.
872 4388 904 4435 86
912 4405 920 4444 3
934 4382 1091 4437 Linxxss.
1101 4389 1125 4436 8⁴.
1178 4381 1199 4455 ³}
1215 4386 1272 4438 Lit.
1282 4385 1374 4439 XXII.
1385 4392 1414 4451 93

338 4472 429 4526 Zonsr.
446 4470 524 4525 vm.
544 4473 586 4520 25.
