3210 5300
343 472 404 533 276
485 491 512 539 o.
535 489 637 531 rannus
658 489 688 531 n.
710 489 737 530 r.
758 489 787 530 n.
809 487 836 529 n.
858 484 989 529 narinus
1011 485 1173 527 cantianus
1193 467 1268 548 (17).

350 663 487 731 hiemem
518 678 652 756 uterque
680 664 793 730 consul
823 685 896 728 cum
927 662 1013 728 binis
1036 660 1214 750 legionibus
1240 675 1413 753 prorogato

354 777 489 867 imperio
507 790 664 843 manserat
683 777 715 842 in
735 800 809 867 agro
828 775 952 854 hostili,
977 774 1150 865 exspectari
1170 787 1294 865 poterat
1314 778 1414 841 maior

354 890 532 979 expeditio,
561 891 769 982 respiciebant
789 913 863 979 crgo
884 889 1044 980 principes
1066 888 1253 967 bellatores,
1276 912 1414 979 quorum

351 1015 565 1093 praestantem
591 1005 738 1069 virtutem
761 1003 881 1094 experti
900 1015 1000 1066 erant.
1048 1001 1142 1065 llunc
1172 1024 1277 1066 rerum
1297 1013 1414 1067 statum

355 1116 571 1182 indicaverant
599 1116 743 1206 prodigia
774 1117 910 1192 maiora,
940 1135 998 1179 neo
1031 1114 1163 1192 mirum,
1193 1115 1296 1180 solent
1329 1115 1416 1180 enim

354 1229 447 1318 plura
473 1231 658 1308 memorari,
682 1251 747 1319 quo
767 1229 885 1293 tristior
906 1240 938 1292 et
961 1227 1085 1316 gravior
1104 1226 1299 1316 reipublicae
1319 1227 1415 1291 fuerit

355 1342 516 1421 conditio;
550 1355 655 1407 utrum
687 1354 796 1432 postea
823 1339 968 1431 prodigia
987 1339 1156 1404 memoriae
1175 1339 1324 1405 mandata
1344 1340 1418 1405 iue-

356 1455 420 1519 rint
444 1480 460 1519 a
481 1456 628 1545 religioso
648 1456 817 1545 pontifice,
850 1477 889 1518 an
920 1475 955 1517 re
982 1475 1053 1517 vera
1075 1451 1197 1517 bellum
1218 1452 1415 1542 quadruplex

355 1569 598 1657 praesagierint,
631 1590 715 1633 nunc
744 1591 810 1632 non
830 1568 942 1631 attinet
962 1565 1131 1655 inquirere.
1178 1564 1223 1630 Ut
1243 1566 1313 1630 lieri
1332 1565 1416 1631 sole·

355 1681 408 1745 bat
435 1682 646 1771 supplicatum
669 1682 793 1745 iverunt
814 1702 922 1744 omnes
942 1678 1095 1757 Romani3
1117 1678 1273 1767 insignem
1293 1680 1416 1770 suppl-i-

354 1794 512 1859 cationom
538 1793 613 1858 lecit
637 1806 798 1859 certamen
821 1794 905 1857 inter
921 1804 1082 1857 matronas
1102 1791 1164 1856 >rin
1183 1792 1300 1858 sacello
1319 1793 1416 1858 Pudi·

353 1906 446 1971 citiae
473 1906 641 1984 Patriciae,
665 1908 756 1996 quod
781 1907 814 1970 in
842 1906 925 1970 Foro
946 1904 1057 1969 Boario
1077 1907 1159 1983 est,’'
1192 1925 1257 1993 quo
1283 1905 1417 1971 Liriano

353 2021 424 2086 loco
448 2020 542 2086 facile
565 2021 735 2086 coniicitur
762 2020 953 2111 quibusnam
979 2019 1150 2084 debeamus
1178 2017 1317 2108 lepidam
1340 2020 1416 2084 scri-

353 2146 479 2224 pturam
501 2134 648 2198 »sacello
663 2133 857 2212 Pudicitiae,
879 2155 966 2221 puae
984 2132 1017 2196 in
1040 2131 1110 2196 foro
1131 2133 1215 2208 est,''
1235 2130 1295 2194 toti
1313 2130 1363 2196 illi
1384 2133 1417 2196 iu

351 2247 507 2338 pudicitia
531 2249 622 2314 istam
649 2248 697 2312 rel
721 2249 754 2311 in
779 2247 847 2311 loro
871 2245 1001 2335 reperiri
1022 2243 1204 2308 credebant.

400 2361 473 2425 Post
493 2359 728 2435 contentiones,
748 2357 787 2421 de
807 2356 924 2446 quibus
943 2354 1088 2420 dicebam
1108 2366 1139 2419 et
1156 2354 1304 2443 epistolas
1322 2354 1417 2422 Clau-

355 2475 399 2540 dii
416 2496 453 2538 er
475 2473 602 2538 lltruria
623 2483 782 2560 acceptas,
804 2482 889 2536 entra
909 2480 1026 2533 sortem
1047 2466 1125 2532 baec
1143 2468 1418 2558 provinciallabio

353 2586 494 2651 decrerit
516 2598 644 2650 senatus
661 2584 872 2674 populusque.
918 2581 991 2646 Mor
1010 2580 1173 2671 profectus
1194 2593 1240 2646 est
1261 2604 1333 2647 cum
1353 2605 1416 2647 uua

356 2699 480 2786 legione
512 2698 551 2761 ad
585 2696 739 2786 oppidum
773 2696 952 2773 Aharnam,
987 2694 1041 2759 ubi
1071 2695 1193 2784 Appius
1225 2693 1360 2784 degebat
1385 2694 1417 2759 in

357 2810 464 2874 castris
493 2809 574 2873 bene
604 2808 858 2874 circumvallatis.
907 2807 991 2872 Duas
1030 2808 1096 2872 eius
1133 2807 1273 2896 legiones
1310 2809 1417 2874 statim

358 2924 513 3012 suscepit,
543 2922 676 3011 quaein
699 2920 840 2986 hibernis
859 2920 966 2985 adhuc
985 2943 1016 2986 se
1038 2920 1204 3000 tenebant3
1227 2943 1287 2986 neo
1306 2922 1418 3011 procul

358 3035 466 3101 aberat
494 3034 615 3112 hostes,
647 3047 683 3098 ut
707 3034 814 3099 Livius
835 3034 950 3113 tradit,
974 3034 1019 3097 ita
1040 3046 1074 3098 ut
1095 3033 1214 3099 Fabius
1229 3047 1316 3100 metu
1338 3036 1419 3101 libe·

356 3149 470 3215 rarerit
483 3149 661 3226 Romanos,
676 3147 736 3211 nisi
751 3147 915 3213 obsidione
937 3169 1086 3237 quoque,
1103 3160 1138 3211 ut
1157 3147 1251 3213 facile
1269 3150 1419 3239 suspicari

356 3264 450 3341 licet,
481 3285 554 3327 nam
581 3283 640 3325 cur
656 3259 760 3326 media
779 3260 885 3325 bieme
902 3259 1055 3325 citissimo
1076 3281 1169 3326 eursu
1189 3284 1290 3326 notus
1309 3260 1419 3327 consul

356 3375 521 3467 proiectus
548 3374 639 3439 erat?
685 3372 848 3462 Quidquid
877 3385 937 3451 est,
972 3373 1111 3462 Appium
1136 3373 1272 3440 Romam
1300 3374 1419 3441 dimisit

359 3502 391 3554 et
421 3491 525 3554 statim
555 3511 625 3552 eam
653 3487 817 3577 pugnandi
849 3487 1004 3552 rationem
1033 3486 1191 3564 instituit,
1221 3510 1317 3577 quam
1336 3509 1419 3552 anno

359 3617 432 3668 ante
456 3603 488 3665 in
513 3599 643 3665 Samnio
668 3599 852 3664 felicissimo
870 3622 1016 3665 successu
1034 3609 1179 3687 expertus
1198 3611 1282 3680 erat,
1305 3622 1419 3690 nempe

359 3714 476 3782 habere
504 3714 591 3778 nulla
622 3712 734 3778 stativa
763 3712 816 3777 sed
838 3713 1004 3779 itineribus
1024 3735 1061 3776 ac
1079 3711 1255 3777 mutatione
1277 3713 1420 3778 locorum

359 3825 561 3892 mobiliorem
580 3826 751 3891 exereitum
770 3825 838 3891 lore
853 3838 950 3891 ratus.
998 3825 1082 3889 Hinc
1100 3824 1243 3914 sequitur
1261 3825 1419 3890 Romanos

360 3964 424 4006 non
457 3939 575 4003 diutius
606 3939 643 4002 ad
674 3939 833 4004 Aharnam
854 3940 993 4018 stetisse,
1016 3960 1076 4002 nec
1097 3949 1214 4002 certam
1238 3961 1305 4003 esse
1325 3939 1420 4014 riam,

362 4076 458 4144 quam
489 4051 649 4116 llaaltltius
678 4052 838 4116 Romanos
869 4076 942 4117 usos
967 4074 1032 4116 esse
1062 4051 1171 4116 scribit
1193 4052 1225 4117 in
1253 4050 1419 4117 Sentinum

361 4190 470 4256 agrum
492 4165 701 4255 prolecturus.
734 4164 851 4232 Contra
868 4189 925 4257 per
944 4164 1072 4255 aliquod
1091 4165 1286 4255 temporisin
1299 4167 1421 4233 Etruria

361 4294 393 4346 et
415 4279 547 4346 Umbria
572 4278 779 4366 vagabantur,
799 4291 830 4343 et
847 4278 890 4343 sic
914 4278 1012 4344 facile
1031 4276 1238 4367 intelligitur,
1260 4280 1420 4345 Romanos

362 4393 442 4458 adeo
460 4391 492 4454 in
514 4388 675 4454 Umbriam
697 4389 867 4478 perrexisse
883 4389 947 4455 imo
968 4388 1132 4455 Gallorum
1150 4413 1259 4480 agrum
1277 4392 1418 4458 intrasse

362 4502 522 4572 utstatim
547 4500 734 4567 ridebimus.
