3194 5302
361 444 820 527 nrrmusr.r.r1surssus(³).
860 445 921 527 §b
939 465 1049 510 cousus
1061 450 1086 511 l.
1098 450 1167 514 270.
1264 452 1304 511 35

567 641 640 725 52.
691 637 816 705 Consul
837 640 862 707 l.
887 644 965 708 270.

500 790 528 839 tt.
549 789 649 838 usurus
668 790 695 841 Κ.
715 789 739 838 F.
758 790 918 843 ttuttttrttts
940 791 956 842 l.

498 882 523 932 u
542 882 678 931 suuruut
697 884 770 932 unu.
790 885 812 932 r.
832 883 993 935 cruentur.

270 980 308 1046 ln
343 980 393 1047 his
428 981 613 1047 consulibus
641 982 785 1048 creandis
814 1004 894 1048 nors
930 981 1087 1073 quaedam
1119 983 1296 1050 secundum

226 1092 438 1161 Niebubrium
461 1107 474 1147 ²
503 1095 639 1163 invaluit
666 1096 763 1176 ratio,
797 1107 833 1161 ut
861 1119 978 1187 nempe
1007 1097 1040 1163 in
1069 1098 1207 1164 comitiis
1236 1121 1294 1163 cu·

225 1210 310 1276 rirtis
331 1223 533 1288 crearentur,
553 1232 633 1301 quos
653 1209 770 1276 deiude
790 1210 930 1301 populus
951 1211 985 1275 in
1009 1212 1196 1277 centuriatis
1218 1236 1295 1302 pro·

224 1322 325 1390 baret.
374 1321 493 1390 Contra
521 1345 619 1413 quern
648 1323 861 1413 suspicionem
887 1346 969 1414 quse
997 1325 1072 1390 olim
1098 1326 1295 1415 protuleram

225 1459 264 1502 eo
291 1436 457 1502 lubentius
485 1459 571 1503 nunc
590 1435 683 1502 missa
705 1436 804 1515 facio,
833 1457 921 1502 nunc
943 1436 1052 1503 ridens
1074 1437 1157 1503 siros
1177 1438 1297 1503 doctis·

223 1549 343 1616 simw
362 1550 492 1617 evicisse
511 1551 594 1616 hunc
610 1549 823 1641 suspicionem
839 1550 962 1615 etiamsi
978 1550 1173 1640 ingeniosam
1192 1551 1296 1616 haud-

222 1686 386 1755 quaquam
406 1687 512 1730 seram
533 1687 614 1744 csse,
634 1676 746 1733 contro
765 1686 802 1730 er
823 1663 1031 1730 classicorum
1051 1664 1091 1731 de
1112 1663 1162 1730 his
1180 1687 1298 1731 consu·

221 1778 306 1844 libus
328 1778 517 1844 testimoniis
536 1791 622 1845 recte
640 1777 811 1845 intellectis
832 1776 1060 1845 deducendum
1085 1801 1152 1844 esse
1173 1801 1294 1845 morem
1360 1831 1362 1835 .

222 1891 394 1983 quemdam
415 1893 583 1972 exstitisse,
611 1914 676 1982 quo
694 1902 820 1985 patres,
845 1888 946 1956 idest
970 1892 1087 1982 quibus
1107 1891 1233 1957 luberet
1257 1914 1295 1957 ex

223 2007 383 2097 patriciis,
396 2029 460 2071 non
472 2006 608 2071 comitiis
619 2006 682 2071 suis
693 2004 747 2070 sed
760 2004 897 2095 quadam
909 2005 1065 2072 concione
1078 2004 1295 2095 designassent

223 2141 323 2185 unum
344 2120 455 2186 sellem
475 2117 656 2185 consulatui
675 2117 896 2197 candidatum,
913 2117 990 2183 dum
1012 2116 1052 2182 de
1075 2117 1176 2183 altero
1195 2116 1295 2183 libera

222 2255 330 2298 resera
352 2245 433 2299 esset
452 2233 566 2324 populi
585 2245 733 2324 potestas.

268 2344 336 2411 lam
357 2345 397 2411 de
416 2346 510 2411 Fabii
527 2347 632 2437 primo
653 2345 822 2412 consulatu
847 2357 859 2395 ⁴
888 2344 1065 2423 rideamus,
1095 2345 1213 2433 inquo
1237 2344 1317 2409 do·.

178 2455 182 2461 ’
220 2459 373 2524 mesticae
393 2459 506 2527 turbae
525 2459 655 2526 luerunt
675 2458 822 2551 quidem,
842 2456 897 2523 sed
913 2469 1078 2524 externum
1101 2457 1222 2523 bellum
1243 2480 1296 2522 ecs

221 2572 389 2663 oppressit.
438 2571 545 2638 Volsci
576 2596 691 2664 nempe
719 2572 851 2637 Latinos
871 2581 904 2636 et
928 2571 1080 2636 Hernicos
1100 2569 1298 2639 intestatum

221 2683 319 2762 edeo,
343 2697 378 2750 ut
394 2685 552 2776 placuerit
568 2686 704 2752 Fabium
721 2683 770 2750 his
786 2684 879 2749 sociis
897 2682 1038 2749 subsidio
1056 2683 1198 2761 mittere,
1220 2683 1297 2750 dnm

220 2796 345 2885 collega
364 2795 482 2861 Lucius
501 2797 533 2861 in
554 2796 742 2862 Volscorum
761 2795 843 2885 agris
861 2794 1083 2884 praedaretur,
1110 2807 1142 2861 ct
1163 2793 1297 2861 Antium

222 2908 458 3000 aggrederetur.
506 2910 593 2975 llaec
625 2921 731 2975 tamen
757 2907 919 2999 expeditio
937 2906 1023 2973 haud
1048 2907 1177 2974 felicem
1199 2931 1297 2973 eren-

223 3036 292 3088 tum
322 3021 452 3101 habuit,
488 3045 562 3088 nam
593 3022 717 3088 etiamsi
749 3046 812 3089 non
845 3044 970 3101 omnes,
1011 3044 1092 3112 quos
1123 3022 1294 3110 Iliongsius

221 3133 332 3200 scribit
366 3133 532 3224 copiarum
562 3145 668 3199 motus
696 3135 740 3199 ita
770 3118 921 3200 accidisse
953 3133 1133 3212 credamus,
1161 3147 1293 3225 apparet

223 3249 383 3315 Romanos
411 3246 536 3312 cladem
563 3248 740 3337 accepisse,
766 3248 887 3338 quippe
909 3246 966 3337 qui
988 3246 1083 3312 Antio
1106 3248 1238 3336 regressi
1261 3249 1295 3312 in

221 3359 408 3425 Latinorum
427 3372 509 3426 terra
525 3360 565 3425 ad
584 3360 763 3450 Longulam
781 3373 881 3425 castra
896 3360 1071 3449 posuerint.
1096 3358 1180 3424 Hine
1197 3361 1295 3451 peulo

220 3485 293 3564 post
323 3474 442 3539 maiore
471 3475 595 3565 impetu
625 3474 757 3540 Volscos
786 3496 948 3564 eggressus
972 3485 1019 3539 est
1039 3473 1170 3552 consul,
1193 3496 1294 3563 quum

221 3586 416 3653 advenerant
445 3589 574 3678 copiae,
605 3611 683 3678 quas
705 3588 827 3677 collega
849 3588 1053 3666 submiserat,
1083 3610 1154 3652 narn
1177 3585 1295 3652 Fabius

220 3701 395 3790 quominus
414 3702 481 3793 ipse
500 3703 699 3781 subveniret,
720 3701 969 3792 impediebatur,
990 3713 1025 3765 ut
1045 3700 1166 3778 lerunt,
1187 3700 1294 3789 auspi-

220 3814 296 3894 ciis,
317 3813 370 3880 sed
391 3827 426 3880 ut
445 3815 595 3905 equidem
611 3815 723 3894 credo,
745 3814 832 3905 quod
853 3814 916 3880 alio
937 3815 1009 3879 loco
1030 3813 1097 3904 ipse
1116 3835 1184 3877 rem
1203 3835 1293 3903 gere·

219 3939 285 4008 ret,
319 3949 436 4019 nempe
461 3942 572 3995 contre
593 3936 739 4019 Aequos,
764 3928 851 4019 quod
873 3928 981 3995 Livius
1004 3939 1034 3993 et
1054 3925 1213 3991 Diodorus
1235 3949 1293 3991 an-

220 4053 341 4121 nuunt,
363 4042 538 4108 secundum
565 4066 661 4134 quem
690 4043 864 4109 Tusculum
892 4054 1021 4132 captum
1045 4052 1092 4106 est
1109 4038 1171 4105 boc
1192 4063 1291 4119 anno;

249 4252 271 4319 ¹)
288 4254 345 4305 Ltv.
371 4256 410 4305 11.
433 4261 480 4314 42;
502 4255 579 4305 Dion.
602 4257 663 4305 Hal.
688 4257 767 4307 VIII.
792 4260 823 4304 83
831 4278 837 4314 ς
862 4254 937 4303 Diod.
961 4209 1081 4305 sieixr.
1099 4258 1147 4312 883
1171 4253 1297 4312 Cassiod,

216 4337 270 4388 An.
287 4339 365 4398 Nor.;
382 4340 450 4390 Fert.
469 4340 520 4391 Sic.
600 4337 620 4407 ²)
639 4338 672 4390 R.
686 4334 716 4390 G.
735 4340 772 4389 II.
789 4346 836 4389 201
857 4355 910 4404 sqq.
988 4335 1008 4400 ⁵)
1026 4338 1138 4398 Becker,
1156 4336 1226 4386 R'o'm.
1244 4337 1297 4387 An.

184 4436 189 4444 ·
215 4423 299 4472 11.11.
321 4428 351 4472 12
369 4440 395 4474 n.
417 4429 461 4485 19,
481 4430 557 4474 9311.
582 4429 638 4475 186.
671 4424 709 4477 cf.
737 4439 799 4489 quos
822 4424 863 4473 hic
887 4433 912 4472 et
935 4423 1031 4472 Hnnkb
1054 4423 1140 4472 laudat
1159 4423 1297 4485 scriptores

216 4506 238 4574 ⁴)
257 4508 314 4559 mv.
332 4510 368 4559 11.
388 4515 435 4569 sm
453 4510 528 4560 ursa.
546 4510 608 4561 Hul.
627 4497 704 4563 virs.
725 4514 824 4559 ss-ss
835 4532 840 4568 ³
860 4509 933 4558 uros.
953 4509 1003 4560 sse.
1023 4508 1072 4557 xr.
1092 4513 1133 4561 ro.

1152 4591 1201 4654 3,
