3210 5300
306 456 367 519 340
448 475 477 526 e.
498 474 600 518 ramus
621 474 649 524 o.
670 475 700 519 r.
721 476 749 525 o.
770 472 799 517 u.
820 473 951 516 surinus
971 471 1141 516 unquamne
1161 452 1236 536 (33).

316 653 368 720 his
386 652 519 718 urbibus
537 651 680 744 captivos
700 650 801 717 factos
822 673 906 728 esse,
931 672 1068 741 quorum
1087 672 1164 740 pars
1179 661 1281 716 morte
1300 660 1381 740 poe'·

319 791 375 833 nas
395 766 502 846 dedit,
527 776 658 831 nonest
678 763 766 854 quod
784 762 905 844 dicam,
929 786 1034 829 serere
1049 762 1221 828 admodum
1238 762 1382 827 animad-

318 879 507 947 uertendum
522 891 590 945 erat
606 879 639 943 in
656 900 765 943 omnes
781 877 873 956 istos,
891 877 947 967 qui
958 877 1093 967 imperio
1107 876 1255 942 Romano
1269 897 1382 966 parere

319 993 486 1059 desierant.
535 992 701 1058 Praeterea
718 1002 802 1056 totus
819 989 880 1055 fuit
896 990 930 1055 in
946 988 1025 1080 agris
1041 988 1290 1080 depopulandis,
1305 1009 1384 1079 prae

317 1106 429 1172 ceteris
464 1103 626 1171 Caudinus
665 1101 789 1168 Samnis
818 1102 944 1192 gravius
972 1102 1154 1168 devastatus
1184 1115 1245 1180 est,
1280 1113 1382 1167 terrae

316 1232 478 1311 perustae,
502 1230 535 1285 et
553 1218 689 1309 praedae
708 1215 875 1282 hominum
894 1214 1120 1307 pecudumque
1139 1225 1237 1281 actae.

364 1328 527 1398 Haakhius
550 1327 604 1394 hio
623 1326 826 1395 inserendum
848 1338 956 1393 censet
977 1326 1098 1392 factum
1120 1325 1202 1391 illud
1222 1348 1384 1392 memora-

318 1444 384 1511 bile
412 1442 616 1511 Cunctatoris
638 1441 754 1521 nostri,
784 1440 841 1530 qui
862 1439 1001 1505 Marsum
1021 1437 1181 1505 Statilium
1208 1450 1215 1487 ¹
1239 1439 1383 1505 nobilem

318 1556 480 1648 peditem,
505 1556 648 1646 equitem
676 1555 731 1620 alii
754 1577 830 1619 eum
851 1553 977 1632 dieunt,
1001 1552 1040 1617 ad
1062 1551 1167 1618 hostes
1187 1551 1383 1642 transfugere

319 1669 482 1736 volentem
508 1669 614 1735 vocari
633 1666 673 1733 ad
695 1690 727 1732 se
747 1666 836 1733 iussit
856 1677 887 1731 et
905 1689 964 1756 pro
984 1665 1136 1731 tribunali
1155 1663 1295 1730 laudarit
1315 1666 1384 1731 for-

316 1782 463 1849 titudinis
491 1805 600 1862 eausa,
628 1803 726 1870 quam
751 1779 791 1845 ad
817 1779 850 1844 id
872 1790 1003 1870 tempus
1018 1779 1216 1869 ignorasset,
1234 1790 1303 1844 tum
1321 1777 1382 1844 do-

318 1907 394 1963 nato
422 1895 453 1960 ei
481 1917 566 1986 eque
595 1893 767 1986 pecuniam«
791 1893 923 1983 insuper
950 1893 1086 1982 largitus
1101 1892 1255 1971 obtinuit,
1279 1905 1315 1959 ut
1337 1893 1383 1958 sic

317 2009 434 2074 fortem
463 2031 528 2075 nou
555 2018 678 2073 tantum
700 2006 752 2072 sed
775 2005 906 2074 fidelem
925 2028 1056 2096 quoque
1076 2005 1219 2097 equitem
1238 2005 1379 2072 baberet.

317 2120 437 2188 Valerii
462 2120 649 2187 norissimus
666 2119 772 2186 editor
789 2118 931 2186 uindicat
947 2119 1067 2185 Aurelii
1087 2118 1282 2205 etFrontiui
1304 2119 1382 2184 scri-

315 2246 443 2327 pturam
464 2233 604 2299 Marium
624 2230 803 2313 Statilium;
828 2241 860 2295 at
884 2253 922 2296 ex
942 2230 1033 2297 Livio
1053 2243 1065 2280 ²
1087 2241 1210 2296 constat
1233 2229 1384 2295 Limane-

319 2366 392 2413 rum
410 2345 525 2411 ducem
546 2344 718 2436 quemdam
737 2342 800 2410 hoc
816 2344 945 2410 nomine
964 2355 1113 2409 ornatum
1131 2342 1245 2423 fuisse3
1269 2365 1381 2409 secuu-

320 2457 397 2527 dum
428 2457 592 2525 Valerium
622 2457 765 2524 Nolanus
794 2456 884 2537 tuit„
904 2455 1055 2547 equidem
1081 2457 1211 2522 alt-eram
1238 2455 1390 2546 praefero

319 2572 508 2662 scripturam
538 2582 669 2662 propter
699 2568 923 2648 Plutarchum,
955 2592 1030 2634 nam
1057 2591 1122 2634 nou
1151 2567 1232 2634 mihi
1255 2592 1383 2660 possum

318 2684 508 2776 persuadere
530 2683 665 2749 Fabium
687 2696 752 2750 tam
771 2682 865 2748 facile
884 2681 999 2749 ducem
1022 2681 1225 2747 Lucanorum
1244 2681 1304 2747 sibi
1325 2681 1389 2747 de-.

320 2795 449 2875 vicisse,
474 2795 559 2885 quod
579 2795 605 2859 si
627 2818 662 2860 re
680 2818 751 2861 vera
766 2794 896 2874 accidit,
920 2796 984 2860 iam
1000 2794 1140 2861 secundo
1155 2794 1288 2862 tectione
1304 2817 1385 2861 enu-

320 2909 425 2975 sulatu
444 2906 645 2973 Cunctatoris
668 2908 773 2973 locum
795 2907 967 2974 obtinuisse
986 2907 1122 2976 ridetur.

365 3019 508 3086 Alterum
538 3019 659 3085 factum
687 3019 829 3087 eiusdem
857 3022 978 3112 genesis
1002 3020 1133 3087 iidem³
1161 3021 1259 3087 uobis
1284 3021 1381 3088 tradi·

321 3131 453 3213 derunt;
475 3131 615 3199 habebat
630 3134 748 3200 Fabius
763 3134 931 3200 Lucanum
945 3135 1087 3224 equitem
1102 3135 1136 3199 in
1151 3136 1260 3201 castris
1277 3158 1387 3201 amore-

320 3247 416 3321 seorti
435 3246 638 3338 deperditum
661 3247 783 3313 etiamsi
805 3247 1030 3327 fortissimum,
1054 3248 1113 3338 qui
1126 3271 1167 3315 ue
1181 3248 1224 3314 ob
1242 3271 1385 3316 amorem

318 3358 437 3425 filiolae
449 3360 682 3451 inlrequeutior
696 3361 801 3439 fieret,
816 3361 903 3426 elam
912 3360 1047 3427 redemit
1056 3384 1141 3439 eam,
1157 3360 1311 3452 deditque
1322 3361 1383 3427 do-

243 3495 247 3503 “
320 3494 379 3550 no,
395 3484 426 3537 et
446 3473 490 3538 sic
507 3474 738 3562 paratissimum
758 3496 820 3562 pro
834 3495 1001 3539 excussere
1017 3471 1157 3538 reddidit
1173 3474 1278 3543 illum.
1308 3473 1381 3540 Non

319 3608 450 3676 possum
470 3608 615 3675 premere
635 3585 847 3676 suspicionem
870 3586 990 3652 factum
1009 3586 1092 3652 illud
1111 3610 1131 3652 a
1152 3585 1279 3652 Valerio
1299 3588 1387 3654 male

322 3697 516 3790 adscriptum
540 3723 607 3766 esse
627 3699 743 3779 Fabio,
767 3699 854 3789 quod
875 3700 1004 3766 uberius
1024 3699 1131 3766 Livius
1147 3710 1159 3751 ³
1175 3699 1216 3766 de
1232 3699 1387 3792 Scipione

319 3811 465 3891 tradidit,
497 3835 534 3878 ex
567 3836 632 3903 quo
661 3835 800 3879 erroneo
822 3813 911 3879 fonte
931 3813 1032 3880 ceteri
1051 3812 1191 3880 hausisse
1214 3814 1385 3893 ridentur,

320 3925 376 4012 qui
394 3923 435 3990 de
453 3925 553 3992 Fabio
575 3924 655 3991 illud
677 3938 816 3993 narrant.

368 4037 530 4104 Hannibal
550 4038 582 4103 in
604 4038 809 4104 Tarentinum
829 4063 938 4130 agrum
959 4042 1119 4130 pervenit,
1143 4041 1200 4106 ubi
1219 4064 1293 4108 moa
1308 4064 1382 4132 per-

322 4151 419 4219 sensit
448 4152 636 4230 Tareutiuos
661 4153 746 4243 falsa
759 4152 903 4219 retulisse
923 4165 1019 4244 atque
1035 4155 1196 4245 pollicitos
1215 4179 1299 4235 esse,
1323 4178 1383 4221 uo·

346 4353 367 4422 ¹)
385 4358 445 4407 Val.
463 4357 535 4408 Max.
553 4359 615 4409 VII.
638 4363 664 4408 3.
685 4359 713 4419 73
735 4358 824 4410 Front.
842 4355 921 4409 δῖναι.
938 4362 987 4411 IV.
1008 4365 1021 4411 7
1040 4361 1053 4426 t
1070 4365 1102 4410 36
1110 4382 1118 4421 ;
1142 4360 1206 4412 Aur.
1223 4362 1291 4413 Viet.
1313 4356 1345 4410 V.
1361 4357 1387 4410 Ι.

312 4448 360 4502 4³3
377 4443 446 4493 Plut.
464 4441 527 4492 Fae.
543 4448 584 4493 20.
637 4439 663 4508 ²)›
675 4443 766 4494 XXII.
785 4450 826 4494 42.
878 4441 899 4511 3)
918 4446 977 4497 val.
992 4445 1181 4497 Mamm-3.
1199 4449 1227 4505 ’ἴς
1245 4446 1309 4495 Aur.
1319 4446 1388 4496 viat.

316 4523 386 4578 VJ.
405 4531 451 4587 la;
470 4528 538 4578 Plut.
556 4526 618 4576 Fan
637 4532 686 4587 20,
702 4524 764 4592 Rq.
782 4535 807 4577 et
821 4528 878 4595 imp.
896 4529 1009 4595 apopltlu
1027 4528 1089 4578 Fae.
1105 4534 1131 4579 4.
1183 4528 1204 4597 4)
1222 4529 1325 4582 XXVI.
1344 4535 1391 4580 50.
