<?xml version="1.0" encoding="UTF-8"?>
<!DOCTYPE html PUBLIC "-//W3C//DTD XHTML 1.0 Transitional//EN"
    "http://www.w3.org/TR/xhtml1/DTD/xhtml1-transitional.dtd">
<html xmlns="http://www.w3.org/1999/xhtml" xml:lang="en" lang="en">
 <head>
  <title>
</title>
<meta http-equiv="Content-Type" content="text/html;charset=utf-8" />
  <meta name='ocr-system' content='tesseract 3.04.00' />
  <meta name='ocr-capabilities' content='ocr_page ocr_carea ocr_par ocr_line ocrx_word'/>
</head>
<body>
  <div class='ocr_page' id='page_1' title='image "./disputatiodegen00servgoog_0431.png"; bbox 0 0 3190 5304; ppageno 0'>
   <div class='ocr_carea' id='block_1_1' title="bbox 350 417 1253 502">
    <p class='ocr_par' dir='ltr' id='par_1_1' title="bbox 350 417 1253 502">
     <span class='ocr_line' id='line_1_1' title="bbox 350 417 1253 502; baseline 0.002 -23"><span class='ocrx_word' id='word_1_1' title='bbox 350 417 409 479; x_wconf 79' lang='lat' dir='ltr'>tlt</span> <span class='ocrx_word' id='word_1_2' title='bbox 511 435 664 487; x_wconf 72' lang='lat' dir='ltr'>nemius</span> <span class='ocrx_word' id='word_1_3' title='bbox 685 435 713 486; x_wconf 82' lang='lat' dir='ltr'>o.</span> <span class='ocrx_word' id='word_1_4' title='bbox 736 437 763 480; x_wconf 85' lang='lat' dir='ltr'>r.</span> <span class='ocrx_word' id='word_1_5' title='bbox 786 437 814 487; x_wconf 78' lang='lat' dir='ltr'>o</span> <span class='ocrx_word' id='word_1_6' title='bbox 835 435 863 480; x_wconf 86' lang='lat' dir='ltr'>rt.</span> <span class='ocrx_word' id='word_1_7' title='bbox 885 436 1016 481; x_wconf 77' lang='lat' dir='ltr'>narrans</span> <span class='ocrx_word' id='word_1_8' title='bbox 1037 437 1168 481; x_wconf 81' lang='lat' dir='ltr'>nouenos</span> <span class='ocrx_word' id='word_1_9' title='bbox 1188 421 1253 502; x_wconf 84' lang='lat'>(51)</span> 
     </span>
    </p>
   </div>
   <div class='ocr_carea' id='block_1_2' title="bbox 350 610 1425 2288">
    <p class='ocr_par' dir='ltr' id='par_1_2' title="bbox 350 610 1424 1925">
     <span class='ocr_line' id='line_1_2' title="bbox 353 610 1422 708; baseline 0.005 -32"><span class='ocrx_word' id='word_1_10' title='bbox 353 610 499 678; x_wconf 89' lang='lat' dir='ltr'>consules</span> <span class='ocrx_word' id='word_1_11' title='bbox 516 611 665 691; x_wconf 78' lang='lat' dir='ltr'>fuerunt,</span> <span class='ocrx_word' id='word_1_12' title='bbox 697 633 794 701; x_wconf 90' lang='lat' dir='ltr'>quam</span> <span class='ocrx_word' id='word_1_13' title='bbox 816 612 956 678; x_wconf 76' lang='lat' dir='ltr'>virorum</span> <span class='ocrx_word' id='word_1_14' title='bbox 982 611 1150 708; x_wconf 79' lang='lat' dir='ltr'>doctorum</span> <span class='ocrx_word' id='word_1_15' title='bbox 1167 613 1422 687; x_wconf 75' lang='lat' dir='ltr'><strong>emendationem</strong></span> 
     </span>
     <span class='ocr_line' id='line_1_3' title="bbox 352 724 1423 816; baseline 0.007 -26"><span class='ocrx_word' id='word_1_16' title='bbox 352 748 435 794; x_wconf 83' lang='lat' dir='ltr'>coss.</span> <span class='ocrx_word' id='word_1_17' title='bbox 461 748 522 815; x_wconf 91' lang='lat' dir='ltr'>pro</span> <span class='ocrx_word' id='word_1_18' title='bbox 540 749 626 793; x_wconf 87' lang='lat' dir='ltr'>oens.</span> <span class='ocrx_word' id='word_1_19' title='bbox 646 726 785 816; x_wconf 82' lang='lat' dir='ltr'>arripere</span> <span class='ocrx_word' id='word_1_20' title='bbox 818 748 883 793; x_wconf 87' lang='lat' dir='ltr'>non</span> <span class='ocrx_word' id='word_1_21' title='bbox 915 724 1045 806; x_wconf 86' lang='lat' dir='ltr'>dubito,</span> <span class='ocrx_word' id='word_1_22' title='bbox 1082 725 1145 792; x_wconf 92' lang='lat' dir='ltr'>hoc</span> <span class='ocrx_word' id='word_1_23' title='bbox 1175 728 1262 795; x_wconf 81' lang='lat' dir='ltr'>eninr</span> <span class='ocrx_word' id='word_1_24' title='bbox 1290 730 1423 799; x_wconf 57' lang='lat' dir='ltr'>mmai</span> 
     </span>
     <span class='ocr_line' id='line_1_4' title="bbox 352 837 1424 930; baseline 0.006 -24"><span class='ocrx_word' id='word_1_25' title='bbox 352 837 449 906; x_wconf 89' lang='lat' dir='ltr'>modo</span> <span class='ocrx_word' id='word_1_26' title='bbox 467 837 653 907; x_wconf 88' lang='lat' dir='ltr'>indicantur</span> <span class='ocrx_word' id='word_1_27' title='bbox 667 839 761 920; x_wconf 90' lang='lat' dir='ltr'>anni,</span> <span class='ocrx_word' id='word_1_28' title='bbox 781 861 847 905; x_wconf 89' lang='lat' dir='ltr'>non</span> <span class='ocrx_word' id='word_1_29' title='bbox 861 862 920 930; x_wconf 84' lang='lat' dir='ltr'>per</span> <span class='ocrx_word' id='word_1_30' title='bbox 938 861 1082 906; x_wconf 82' lang='lat' dir='ltr'>censores</span> <span class='ocrx_word' id='word_1_31' title='bbox 1103 839 1186 907; x_wconf 87' lang='lat' dir='ltr'>illud</span> <span class='ocrx_word' id='word_1_32' title='bbox 1207 841 1256 908; x_wconf 85' lang='lat' dir='ltr'>fit.</span> <span class='ocrx_word' id='word_1_33' title='bbox 1288 839 1424 911; x_wconf 78' lang='lat' dir='ltr'>Senatus</span> 
     </span>
     <span class='ocr_line' id='line_1_5' title="bbox 352 951 1423 1045; baseline 0.002 -25"><span class='ocrx_word' id='word_1_34' title='bbox 352 952 534 1020; x_wconf 86' lang='lat' dir='ltr'>consultum</span> <span class='ocrx_word' id='word_1_35' title='bbox 560 951 660 1032; x_wconf 89' lang='lat' dir='ltr'>illud,</span> <span class='ocrx_word' id='word_1_36' title='bbox 693 975 758 1044; x_wconf 88' lang='lat' dir='ltr'>qun</span> <span class='ocrx_word' id='word_1_37' title='bbox 787 964 1005 1021; x_wconf 72' lang='lat' dir='ltr'>memorantur</span> <span class='ocrx_word' id='word_1_38' title='bbox 1036 952 1071 1019; x_wconf 91' lang='lat' dir='ltr'>hi</span> <span class='ocrx_word' id='word_1_39' title='bbox 1099 955 1246 1023; x_wconf 89' lang='lat' dir='ltr'>consules</span> <span class='ocrx_word' id='word_1_40' title='bbox 1265 955 1363 1045; x_wconf 82' lang='lat' dir='ltr'>igitur</span> <span class='ocrx_word' id='word_1_41' title='bbox 1383 957 1423 1023; x_wconf 92' lang='lat' dir='ltr'>ad</span> 
     </span>
     <span class='ocr_line' id='line_1_6' title="bbox 352 1065 1422 1157; baseline 0.004 -26"><span class='ocrx_word' id='word_1_42' title='bbox 352 1066 486 1132; x_wconf 87' lang='lat' dir='ltr'>tutelam</span> <span class='ocrx_word' id='word_1_43' title='bbox 503 1089 656 1156; x_wconf 89' lang='lat' dir='ltr'>aquarum</span> <span class='ocrx_word' id='word_1_44' title='bbox 674 1065 828 1156; x_wconf 74' lang='lat' dir='ltr'><strong>pertinet,</strong></span> <span class='ocrx_word' id='word_1_45' title='bbox 847 1088 928 1156; x_wconf 87' lang='lat' dir='ltr'>quae</span> <span class='ocrx_word' id='word_1_46' title='bbox 945 1066 1044 1132; x_wconf 88' lang='lat' dir='ltr'>locari</span> <span class='ocrx_word' id='word_1_47' title='bbox 1061 1065 1209 1132; x_wconf 82' lang='lat' dir='ltr'>solebant</span> <span class='ocrx_word' id='word_1_48' title='bbox 1226 1067 1264 1133; x_wconf 90' lang='lat' dir='ltr'>iis</span> <span class='ocrx_word' id='word_1_49' title='bbox 1284 1067 1422 1157; x_wconf 78' lang='lat' dir='ltr'>legibue,</span> 
     </span>
     <span class='ocr_line' id='line_1_7' title="bbox 353 1178 1424 1271; baseline 0.003 -27"><span class='ocrx_word' id='word_1_50' title='bbox 353 1191 389 1244; x_wconf 82' lang='lat' dir='ltr'>ur</span> <span class='ocrx_word' id='word_1_51' title='bbox 403 1178 596 1247; x_wconf 84' lang='lat' dir='ltr'>redemtoues</span> <span class='ocrx_word' id='word_1_52' title='bbox 614 1191 800 1247; x_wconf 87' lang='lat' dir='ltr'>tenerentur</span> <span class='ocrx_word' id='word_1_53' title='bbox 815 1191 939 1246; x_wconf 90' lang='lat' dir='ltr'>certum</span> <span class='ocrx_word' id='word_1_54' title='bbox 955 1202 1125 1246; x_wconf 85' lang='lat' dir='ltr'>numerum</span> <span class='ocrx_word' id='word_1_55' title='bbox 1143 1181 1295 1271; x_wconf 83' lang='lat' dir='ltr'>opiticum</span> <span class='ocrx_word' id='word_1_56' title='bbox 1306 1180 1424 1247; x_wconf 89' lang='lat' dir='ltr'>hahere</span> 
     </span>
     <span class='ocr_line' id='line_1_8' title="bbox 353 1293 1424 1385; baseline 0.001 -28"><span class='ocrx_word' id='word_1_57' title='bbox 353 1304 421 1359; x_wconf 91' lang='lat' dir='ltr'>tum</span> <span class='ocrx_word' id='word_1_58' title='bbox 434 1306 521 1358; x_wconf 78' lang='lat' dir='ltr'>extra</span> <span class='ocrx_word' id='word_1_59' title='bbox 537 1293 658 1360; x_wconf 85' lang='lat' dir='ltr'>Urbem</span> <span class='ocrx_word' id='word_1_60' title='bbox 676 1305 745 1358; x_wconf 92' lang='lat' dir='ltr'>tum</span> <span class='ocrx_word' id='word_1_61' title='bbox 763 1294 863 1373; x_wconf 84' lang='lat' dir='ltr'>intre,</span> <span class='ocrx_word' id='word_1_62' title='bbox 883 1315 1020 1383; x_wconf 90' lang='lat' dir='ltr'>quorum</span> <span class='ocrx_word' id='word_1_63' title='bbox 1038 1316 1198 1361; x_wconf 87' lang='lat' dir='ltr'>serrorum</span> <span class='ocrx_word' id='word_1_64' title='bbox 1216 1295 1348 1361; x_wconf 88' lang='lat' dir='ltr'>nomina</span> <span class='ocrx_word' id='word_1_65' title='bbox 1368 1294 1424 1385; x_wconf 90' lang='lat' dir='ltr'>qni</span> 
     </span>
     <span class='ocr_line' id='line_1_9' title="bbox 350 1405 1421 1497; baseline 0.004 -27"><span class='ocrx_word' id='word_1_66' title='bbox 350 1405 386 1471; x_wconf 88' lang='lat' dir='ltr'>in</span> <span class='ocrx_word' id='word_1_67' title='bbox 413 1406 544 1496; x_wconf 79' lang='lat' dir='ltr'>singulis</span> <span class='ocrx_word' id='word_1_68' title='bbox 569 1406 645 1472; x_wconf 82' lang='lat' dir='ltr'>vicis</span> <span class='ocrx_word' id='word_1_69' title='bbox 664 1419 784 1486; x_wconf 85' lang='lat' dir='ltr'>essent,</span> <span class='ocrx_word' id='word_1_70' title='bbox 808 1406 842 1471; x_wconf 89' lang='lat' dir='ltr'>in</span> <span class='ocrx_word' id='word_1_71' title='bbox 862 1405 1010 1497; x_wconf 91' lang='lat' dir='ltr'>publicas</span> <span class='ocrx_word' id='word_1_72' title='bbox 1032 1406 1260 1474; x_wconf 79' lang='lat' dir='ltr'>deferebantur</span> <span class='ocrx_word' id='word_1_73' title='bbox 1280 1408 1421 1487; x_wconf 89' lang='lat' dir='ltr'>tabulas;</span> 
     </span>
     <span class='ocr_line' id='line_1_10' title="bbox 350 1520 1423 1612; baseline 0.001 -27"><span class='ocrx_word' id='word_1_74' title='bbox 350 1541 448 1612; x_wconf 89' lang='lat' dir='ltr'>penes</span> <span class='ocrx_word' id='word_1_75' title='bbox 468 1541 613 1585; x_wconf 82' lang='lat' dir='ltr'>censores</span> <span class='ocrx_word' id='word_1_76' title='bbox 639 1532 706 1584; x_wconf 89' lang='lat' dir='ltr'>erat</span> <span class='ocrx_word' id='word_1_77' title='bbox 735 1542 810 1584; x_wconf 89' lang='lat' dir='ltr'>cura</span> <span class='ocrx_word' id='word_1_78' title='bbox 830 1542 961 1609; x_wconf 91' lang='lat' dir='ltr'>operum</span> <span class='ocrx_word' id='word_1_79' title='bbox 982 1520 1238 1610; x_wconf 83' lang='lat' dir='ltr'>probandorum,</span> <span class='ocrx_word' id='word_1_80' title='bbox 1260 1521 1423 1587; x_wconf 90' lang='lat' dir='ltr'>interdum</span> 
     </span>
     <span class='ocr_line' id='line_1_11' title="bbox 350 1631 1421 1725; baseline 0.004 -29"><span class='ocrx_word' id='word_1_81' title='bbox 350 1654 449 1724; x_wconf 89' lang='lat' dir='ltr'>penes</span> <span class='ocrx_word' id='word_1_82' title='bbox 477 1632 610 1712; x_wconf 82' lang='lat' dir='ltr'>aediles,</span> <span class='ocrx_word' id='word_1_83' title='bbox 635 1631 723 1722; x_wconf 89' lang='lat' dir='ltr'>quod</span> <span class='ocrx_word' id='word_1_84' title='bbox 754 1631 816 1697; x_wconf 90' lang='lat' dir='ltr'>boc</span> <span class='ocrx_word' id='word_1_85' title='bbox 845 1655 929 1698; x_wconf 91' lang='lat' dir='ltr'>anno</span> <span class='ocrx_word' id='word_1_86' title='bbox 956 1631 996 1698; x_wconf 91' lang='lat' dir='ltr'>ad</span> <span class='ocrx_word' id='word_1_87' title='bbox 1023 1644 1205 1724; x_wconf 86' lang='lat' dir='ltr'>quaestores</span> <span class='ocrx_word' id='word_1_88' title='bbox 1224 1646 1421 1725; x_wconf 71' lang='lat' dir='ltr'>pervenerat.</span> 
     </span>
     <span class='ocr_line' id='line_1_12' title="bbox 351 1745 1422 1816; baseline 0.002 -5"><span class='ocrx_word' id='word_1_89' title='bbox 351 1745 560 1813; x_wconf 79' lang='lat' dir='ltr'>Hoctissimns</span> <span class='ocrx_word' id='word_1_90' title='bbox 578 1746 635 1810; x_wconf 92' lang='lat' dir='ltr'>ille</span> <span class='ocrx_word' id='word_1_91' title='bbox 656 1745 799 1810; x_wconf 87' lang='lat' dir='ltr'>omnium</span> <span class='ocrx_word' id='word_1_92' title='bbox 828 1745 1047 1812; x_wconf 79' lang='lat' dir='ltr'>Romanorum</span> <span class='ocrx_word' id='word_1_93' title='bbox 1075 1746 1119 1816; x_wconf 83' lang='grc' dir='ltr'>Μ.</span> <span class='ocrx_word' id='word_1_94' title='bbox 1140 1746 1305 1814; x_wconf 88' lang='lat' dir='ltr'>Terentius</span> <span class='ocrx_word' id='word_1_95' title='bbox 1324 1748 1422 1814; x_wconf 82' lang='lat' dir='ltr'>Varro</span> 
     </span>
     <span class='ocr_line' id='line_1_13' title="bbox 351 1858 806 1925; baseline -0.002 -1"><span class='ocrx_word' id='word_1_96' title='bbox 351 1858 403 1924; x_wconf 86' lang='lat' dir='ltr'>iris</span> <span class='ocrx_word' id='word_1_97' title='bbox 427 1859 608 1925; x_wconf 89' lang='lat' dir='ltr'>consulibus</span> <span class='ocrx_word' id='word_1_98' title='bbox 632 1869 725 1924; x_wconf 90' lang='lat' dir='ltr'>natus</span> <span class='ocrx_word' id='word_1_99' title='bbox 750 1870 806 1923; x_wconf 87' lang='lat' dir='ltr'>est.</span> 
     </span>
    </p>

    <p class='ocr_par' dir='ltr' id='par_1_3' title="bbox 350 1971 1425 2288">
     <span class='ocr_line' id='line_1_14' title="bbox 399 1971 1424 2063; baseline 0.001 -25"><span class='ocrx_word' id='word_1_100' title='bbox 399 1973 501 2057; x_wconf 77' lang='lat' dir='ltr'>Quem</span> <span class='ocrx_word' id='word_1_101' title='bbox 528 1971 644 2039; x_wconf 78' lang='lat' dir='ltr'>Fabius</span> <span class='ocrx_word' id='word_1_102' title='bbox 671 1983 793 2051; x_wconf 88' lang='lat' dir='ltr'>noster,</span> <span class='ocrx_word' id='word_1_103' title='bbox 822 1985 953 2040; x_wconf 88' lang='lat' dir='ltr'>auctore</span> <span class='ocrx_word' id='word_1_104' title='bbox 981 1971 1135 2039; x_wconf 85' lang='lat' dir='ltr'>Cicerone</span> <span class='ocrx_word' id='word_1_105' title='bbox 1158 1986 1187 2051; x_wconf 82' lang='lat'>¹,</span> <span class='ocrx_word' id='word_1_106' title='bbox 1221 1986 1424 2063; x_wconf 81' lang='lat' dir='ltr'>superaverat</span> 
     </span>
     <span class='ocr_line' id='line_1_15' title="bbox 353 2082 1425 2174; baseline -0.001 -22"><span class='ocrx_word' id='word_1_107' title='bbox 353 2086 560 2152; x_wconf 90' lang='lat' dir='ltr'>candidatum</span> <span class='ocrx_word' id='word_1_108' title='bbox 577 2083 700 2150; x_wconf 87' lang='lat' dir='ltr'>etiamsi</span> <span class='ocrx_word' id='word_1_109' title='bbox 717 2082 936 2174; x_wconf 77' lang='lat' dir='ltr'>gravissimum</span> <span class='ocrx_word' id='word_1_110' title='bbox 955 2096 988 2150; x_wconf 90' lang='lat' dir='ltr'>et</span> <span class='ocrx_word' id='word_1_111' title='bbox 1007 2084 1230 2162; x_wconf 86' lang='lat' dir='ltr'>fortissimum,</span> <span class='ocrx_word' id='word_1_112' title='bbox 1250 2083 1293 2152; x_wconf 88' lang='lat' dir='ltr'>M.</span> <span class='ocrx_word' id='word_1_113' title='bbox 1314 2083 1425 2151; x_wconf 80' lang='lat' dir='ltr'>demi-</span> 
     </span>
     <span class='ocr_line' id='line_1_16' title="bbox 350 2196 1372 2288; baseline -0.001 -23"><span class='ocrx_word' id='word_1_114' title='bbox 350 2201 432 2267; x_wconf 90' lang='lat' dir='ltr'>linm</span> <span class='ocrx_word' id='word_1_115' title='bbox 451 2198 605 2265; x_wconf 86' lang='lat' dir='ltr'>Scaurum</span> <span class='ocrx_word' id='word_1_116' title='bbox 612 2248 621 2278; x_wconf 89' lang='lat'>,</span> <span class='ocrx_word' id='word_1_117' title='bbox 646 2196 757 2264; x_wconf 91' lang='lat' dir='ltr'>consul</span> <span class='ocrx_word' id='word_1_118' title='bbox 773 2197 807 2262; x_wconf 93' lang='lat' dir='ltr'>in</span> <span class='ocrx_word' id='word_1_119' title='bbox 827 2209 1016 2288; x_wconf 84' lang='lat' dir='ltr'>sequentem</span> <span class='ocrx_word' id='word_1_120' title='bbox 1034 2219 1153 2264; x_wconf 90' lang='lat' dir='ltr'>annum</span> <span class='ocrx_word' id='word_1_121' title='bbox 1172 2208 1297 2262; x_wconf 90' lang='lat' dir='ltr'>creatus</span> <span class='ocrx_word' id='word_1_122' title='bbox 1314 2210 1372 2265; x_wconf 92' lang='lat' dir='ltr'>est.</span> 
     </span>
    </p>
   </div>
   <div class='ocr_carea' id='block_1_3' title="bbox 549 2378 1236 2467">
    <p class='ocr_par' dir='ltr' id='par_1_4' title="bbox 549 2378 1236 2467">
     <span class='ocr_line' id='line_1_17' title="bbox 549 2378 1236 2467; baseline -0.007 -18"><span class='ocrx_word' id='word_1_123' title='bbox 549 2385 619 2467; x_wconf 65' lang='lat' dir='ltr'>§b</span> <span class='ocrx_word' id='word_1_124' title='bbox 665 2380 739 2446; x_wconf 85' lang='lat' dir='ltr'>Pro</span> <span class='ocrx_word' id='word_1_125' title='bbox 760 2380 891 2446; x_wconf 81' lang='lat' dir='ltr'>consule</span> <span class='ocrx_word' id='word_1_126' title='bbox 913 2378 1137 2447; x_wconf 78' lang='lat' dir='ltr'>Macedoniae</span> <span class='ocrx_word' id='word_1_127' title='bbox 1159 2384 1236 2446; x_wconf 88' lang='grc'><strong>639.</strong></span> 
     </span>
    </p>
   </div>
   <div class='ocr_carea' id='block_1_4' title="bbox 347 2537 1428 4202">
    <p class='ocr_par' dir='ltr' id='par_1_5' title="bbox 353 2537 1425 2966">
     <span class='ocr_line' id='line_1_18' title="bbox 396 2537 1422 2629; baseline -0.002 -22"><span class='ocrx_word' id='word_1_128' title='bbox 396 2540 531 2609; x_wconf 81' lang='lat' dir='ltr'>Eburno</span> <span class='ocrx_word' id='word_1_129' title='bbox 558 2537 646 2605; x_wconf 87' lang='lat' dir='ltr'>bunc</span> <span class='ocrx_word' id='word_1_130' title='bbox 675 2537 833 2605; x_wconf 76' lang='lat' dir='ltr'>vindicari</span> <span class='ocrx_word' id='word_1_131' title='bbox 861 2539 1081 2629; x_wconf 61' lang='lat' dir='ltr'>magistratum</span> <span class='ocrx_word' id='word_1_132' title='bbox 1108 2549 1239 2628; x_wconf 85' lang='lat' dir='ltr'>propter</span> <span class='ocrx_word' id='word_1_133' title='bbox 1268 2539 1422 2609; x_wconf 84' lang='lat' dir='ltr'>Graecam</span> 
     </span>
     <span class='ocr_line' id='line_1_19' title="bbox 354 2649 1425 2743; baseline -0.001 -25"><span class='ocrx_word' id='word_1_134' title='bbox 354 2652 592 2743; x_wconf 80' lang='lat' dir='ltr'>inscriptionem</span> <span class='ocrx_word' id='word_1_135' title='bbox 612 2651 646 2715; x_wconf 91' lang='lat' dir='ltr'>in</span> <span class='ocrx_word' id='word_1_136' title='bbox 665 2649 833 2716; x_wconf 85' lang='lat' dir='ltr'>ruderibus</span> <span class='ocrx_word' id='word_1_137' title='bbox 845 2649 967 2738; x_wconf 74' lang='lat' dir='ltr'>Dymae</span> <span class='ocrx_word' id='word_1_138' title='bbox 987 2661 1170 2739; x_wconf 82' lang='lat' dir='ltr'>repertam²</span> <span class='ocrx_word' id='word_1_139' title='bbox 1194 2674 1277 2716; x_wconf 89' lang='lat' dir='ltr'>anno</span> <span class='ocrx_word' id='word_1_140' title='bbox 1299 2654 1385 2717; x_wconf 83' lang='lat'>1797</span> <span class='ocrx_word' id='word_1_141' title='bbox 1400 2663 1425 2731; x_wconf 78' lang='lat'>³,</span> 
     </span>
     <span class='ocr_line' id='line_1_20' title="bbox 353 2762 1425 2855; baseline 0 -25"><span class='ocrx_word' id='word_1_142' title='bbox 353 2767 386 2830; x_wconf 87' lang='lat' dir='ltr'>in</span> <span class='ocrx_word' id='word_1_143' title='bbox 409 2787 472 2855; x_wconf 90' lang='lat' dir='ltr'>qna</span> <span class='ocrx_word' id='word_1_144' title='bbox 494 2775 688 2829; x_wconf 87' lang='lat' dir='ltr'>memoratur</span> <span class='ocrx_word' id='word_1_145' title='bbox 702 2763 832 2836; x_wconf 78' lang='grc' dir='ltr'>,Κόϊντος</span> <span class='ocrx_word' id='word_1_146' title='bbox 861 2762 979 2842; x_wconf 59' lang='grc' dir='ltr'>Φοίβης</span> <span class='ocrx_word' id='word_1_147' title='bbox 1008 2764 1136 2828; x_wconf 74' lang='grc' dir='ltr'><em>Κοΐντου</em></span> <span class='ocrx_word' id='word_1_148' title='bbox 1157 2763 1309 2843; x_wconf 70' lang='grc' dir='ltr'>’Μάξιμος</span> <span class='ocrx_word' id='word_1_149' title='bbox 1332 2765 1425 2831; x_wconf 72' lang='grc' dir='ltr'><strong><em>ἀνθύ-</em></strong></span> 
     </span>
     <span class='ocr_line' id='line_1_21' title="bbox 353 2875 1290 2966; baseline 0 -22"><span class='ocrx_word' id='word_1_150' title='bbox 353 2902 454 2949; x_wconf 68' lang='grc' dir='ltr'><em>πατος</em></span> <span class='ocrx_word' id='word_1_151' title='bbox 483 2877 657 2955; x_wconf 70' lang='grc' dir='ltr'><strong><em>Ῥωμαίων,</em></strong></span> <span class='ocrx_word' id='word_1_152' title='bbox 682 2899 782 2966; x_wconf 85' lang='lat' dir='ltr'>quem</span> <span class='ocrx_word' id='word_1_153' title='bbox 799 2888 946 2943; x_wconf 68' lang='lat' dir='ltr'>vnostrum</span> <span class='ocrx_word' id='word_1_154' title='bbox 965 2899 1032 2942; x_wconf 88' lang='lat' dir='ltr'>esse</span> <span class='ocrx_word' id='word_1_155' title='bbox 1054 2875 1290 2944; x_wconf 80' lang='lat' dir='ltr'>demonstrabo.</span> 
     </span>
    </p>

    <p class='ocr_par' dir='ltr' id='par_1_6' title="bbox 347 2987 1428 4098">
     <span class='ocr_line' id='line_1_22' title="bbox 399 2987 1425 3078; baseline -0.001 -21"><span class='ocrx_word' id='word_1_156' title='bbox 399 2987 608 3078; x_wconf 70' lang='lat' dir='ltr'>Hertzbergr</span> <span class='ocrx_word' id='word_1_157' title='bbox 636 2989 775 3056; x_wconf 83' lang='lat' dir='ltr'>coniecit</span> <span class='ocrx_word' id='word_1_158' title='bbox 796 3010 833 3055; x_wconf 83' lang='lat' dir='ltr'>ex</span> <span class='ocrx_word' id='word_1_159' title='bbox 857 2987 917 3054; x_wconf 89' lang='lat' dir='ltr'>bac</span> <span class='ocrx_word' id='word_1_160' title='bbox 938 2987 1145 3077; x_wconf 85' lang='lat' dir='ltr'>inscriptione</span> <span class='ocrx_word' id='word_1_161' title='bbox 1172 2988 1365 3057; x_wconf 85' lang='lat' dir='ltr'>Mummium</span> <span class='ocrx_word' id='word_1_162' title='bbox 1384 3012 1425 3056; x_wconf 77' lang='lat' dir='ltr'>ex</span> 
     </span>
     <span class='ocr_line' id='line_1_23' title="bbox 355 3100 1425 3193; baseline -0.001 -24"><span class='ocrx_word' id='word_1_163' title='bbox 355 3101 486 3173; x_wconf 85' lang='lat' dir='ltr'>Graecia</span> <span class='ocrx_word' id='word_1_164' title='bbox 516 3101 642 3168; x_wconf 84' lang='lat' dir='ltr'>devicta</span> <span class='ocrx_word' id='word_1_165' title='bbox 670 3100 883 3169; x_wconf 80' lang='lat' dir='ltr'>decedentem</span> <span class='ocrx_word' id='word_1_166' title='bbox 911 3124 993 3169; x_wconf 88' lang='lat' dir='ltr'>anno</span> <span class='ocrx_word' id='word_1_167' title='bbox 1021 3105 1086 3169; x_wconf 82' lang='grc'>609</span> <span class='ocrx_word' id='word_1_168' title='bbox 1106 3125 1237 3171; x_wconf 75' lang='lat' dir='ltr'>annum</span> <span class='ocrx_word' id='word_1_169' title='bbox 1256 3104 1425 3193; x_wconf 85' lang='lat' dir='ltr'>reliquisse</span> 
     </span>
     <span class='ocr_line' id='line_1_24' title="bbox 350 3214 1427 3306; baseline -0.002 -24"><span class='ocrx_word' id='word_1_170' title='bbox 350 3217 387 3282; x_wconf 88' lang='lat' dir='ltr'>in</span> <span class='ocrx_word' id='word_1_171' title='bbox 407 3214 526 3281; x_wconf 73' lang='lat' dir='ltr'>Achaia</span> <span class='ocrx_word' id='word_1_172' title='bbox 540 3215 626 3281; x_wconf 86' lang='lat' dir='ltr'>duce</span> <span class='ocrx_word' id='word_1_173' title='bbox 646 3214 684 3298; x_wconf 75' lang='lat' dir='ltr'>Q.</span> <span class='ocrx_word' id='word_1_174' title='bbox 695 3215 794 3280; x_wconf 80' lang='lat' dir='ltr'>Fabio</span> <span class='ocrx_word' id='word_1_175' title='bbox 807 3215 944 3282; x_wconf 86' lang='lat' dir='ltr'>llarimo</span> <span class='ocrx_word' id='word_1_176' title='bbox 962 3238 1022 3306; x_wconf 90' lang='lat' dir='ltr'>pro</span> <span class='ocrx_word' id='word_1_177' title='bbox 1034 3216 1188 3294; x_wconf 86' lang='lat' dir='ltr'>consule,</span> <span class='ocrx_word' id='word_1_178' title='bbox 1212 3239 1277 3306; x_wconf 86' lang='lat' dir='ltr'>quc</span> <span class='ocrx_word' id='word_1_179' title='bbox 1299 3217 1427 3283; x_wconf 80' lang='lat' dir='ltr'>tumul·</span> 
     </span>
     <span class='ocr_line' id='line_1_25' title="bbox 354 3326 1426 3420; baseline 0 -24"><span class='ocrx_word' id='word_1_180' title='bbox 354 3343 405 3396; x_wconf 90' lang='lat' dir='ltr'>tus</span> <span class='ocrx_word' id='word_1_181' title='bbox 425 3329 552 3420; x_wconf 84' lang='lat' dir='ltr'>qualem</span> <span class='ocrx_word' id='word_1_182' title='bbox 572 3326 667 3394; x_wconf 90' lang='lat' dir='ltr'>Sosus</span> <span class='ocrx_word' id='word_1_183' title='bbox 687 3327 816 3418; x_wconf 90' lang='lat' dir='ltr'>quidam</span> <span class='ocrx_word' id='word_1_184' title='bbox 829 3351 902 3395; x_wconf 87' lang='lat' dir='ltr'>eum</span> <span class='ocrx_word' id='word_1_185' title='bbox 919 3329 1082 3397; x_wconf 89' lang='lat' dir='ltr'>nonnullis</span> <span class='ocrx_word' id='word_1_186' title='bbox 1095 3328 1294 3395; x_wconf 76' lang='lat' dir='ltr'>Achaeorum</span> <span class='ocrx_word' id='word_1_187' title='bbox 1311 3330 1426 3418; x_wconf 78' lang='lat' dir='ltr'>iugum</span> 
     </span>
     <span class='ocr_line' id='line_1_26' title="bbox 354 3440 1428 3531; baseline -0.002 -23"><span class='ocrx_word' id='word_1_188' title='bbox 354 3441 534 3509; x_wconf 83' lang='lat' dir='ltr'>Romanum</span> <span class='ocrx_word' id='word_1_189' title='bbox 554 3464 647 3531; x_wconf 77' lang='lat' dir='ltr'>aegre</span> <span class='ocrx_word' id='word_1_190' title='bbox 667 3440 843 3507; x_wconf 88' lang='lat' dir='ltr'>ferentibus</span> <span class='ocrx_word' id='word_1_191' title='bbox 862 3453 931 3507; x_wconf 88' lang='lat' dir='ltr'>tum</span> <span class='ocrx_word' id='word_1_192' title='bbox 946 3441 1070 3529; x_wconf 64' lang='lat' dir='ltr'>Dymae</span> <span class='ocrx_word' id='word_1_193' title='bbox 1089 3442 1269 3508; x_wconf 74' lang='lat' dir='ltr'>excitarisse</span> <span class='ocrx_word' id='word_1_194' title='bbox 1290 3441 1428 3521; x_wconf 83' lang='lat' dir='ltr'>ridetur,</span> 
     </span>
     <span class='ocr_line' id='line_1_27' title="bbox 347 3553 1426 3646; baseline -0.004 -23"><span class='ocrx_word' id='word_1_195' title='bbox 347 3556 477 3646; x_wconf 85' lang='lat' dir='ltr'>inipso</span> <span class='ocrx_word' id='word_1_196' title='bbox 499 3567 570 3621; x_wconf 91' lang='lat' dir='ltr'>ortu</span> <span class='ocrx_word' id='word_1_197' title='bbox 586 3555 836 3645; x_wconf 84' lang='lat' dir='ltr'>opprimeretur.</span> <span class='ocrx_word' id='word_1_198' title='bbox 883 3554 989 3621; x_wconf 86' lang='lat' dir='ltr'>Habet</span> <span class='ocrx_word' id='word_1_199' title='bbox 1010 3553 1072 3620; x_wconf 91' lang='lat' dir='ltr'>hcc</span> <span class='ocrx_word' id='word_1_200' title='bbox 1100 3577 1137 3620; x_wconf 82' lang='lat' dir='ltr'>ex</span> <span class='ocrx_word' id='word_1_201' title='bbox 1161 3553 1296 3619; x_wconf 79' lang='lat' dir='ltr'>Boethii</span> <span class='ocrx_word' id='word_1_202' title='bbox 1318 3578 1426 3621; x_wconf 85' lang='lat' dir='ltr'>anno·</span> 
     </span>
     <span class='ocr_line' id='line_1_28' title="bbox 355 3666 1426 3748; baseline -0.002 -14"><span class='ocrx_word' id='word_1_203' title='bbox 355 3669 493 3748; x_wconf 83' lang='lat' dir='ltr'>tatione,</span> <span class='ocrx_word' id='word_1_204' title='bbox 524 3666 578 3732; x_wconf 89' lang='lat' dir='ltr'>sed</span> <span class='ocrx_word' id='word_1_205' title='bbox 607 3691 673 3733; x_wconf 91' lang='lat' dir='ltr'>non</span> <span class='ocrx_word' id='word_1_206' title='bbox 701 3679 848 3733; x_wconf 84' lang='lat' dir='ltr'>accurate</span> <span class='ocrx_word' id='word_1_207' title='bbox 875 3668 974 3748; x_wconf 88' lang='lat' dir='ltr'>lecta,</span> <span class='ocrx_word' id='word_1_208' title='bbox 1007 3666 1059 3733; x_wconf 90' lang='lat' dir='ltr'>hic</span> <span class='ocrx_word' id='word_1_209' title='bbox 1086 3667 1172 3733; x_wconf 91' lang='lat' dir='ltr'>enim</span> <span class='ocrx_word' id='word_1_210' title='bbox 1205 3668 1331 3733; x_wconf 78' lang='lat' dir='ltr'>volebat</span> <span class='ocrx_word' id='word_1_211' title='bbox 1358 3690 1426 3734; x_wconf 87' lang='lat' dir='ltr'>non</span> 
     </span>
     <span class='ocr_line' id='line_1_29' title="bbox 354 3780 1428 3871; baseline -0.003 -23"><span class='ocrx_word' id='word_1_212' title='bbox 354 3805 437 3848; x_wconf 89' lang='lat' dir='ltr'>anno</span> <span class='ocrx_word' id='word_1_213' title='bbox 466 3785 548 3860; x_wconf 88' lang='grc'><strong>609,</strong></span> <span class='ocrx_word' id='word_1_214' title='bbox 577 3803 682 3871; x_wconf 52' lang='lat' dir='ltr'>,quum</span> <span class='ocrx_word' id='word_1_215' title='bbox 711 3781 828 3847; x_wconf 78' lang='lat' dir='ltr'>Fabius</span> <span class='ocrx_word' id='word_1_216' title='bbox 859 3780 1014 3851; x_wconf 70' lang='lat' dir='ltr'>Maximus</span> <span class='ocrx_word' id='word_1_217' title='bbox 1043 3780 1239 3847; x_wconf 76' lang='lat' dir='ltr'>Aemilianus</span> <span class='ocrx_word' id='word_1_218' title='bbox 1261 3781 1331 3868; x_wconf 82' lang='lat'>(48)</span> <span class='ocrx_word' id='word_1_219' title='bbox 1364 3804 1428 3871; x_wconf 90' lang='lat' dir='ltr'>pro</span> 
     </span>
     <span class='ocr_line' id='line_1_30' title="bbox 354 3892 1427 3985; baseline 0 -25"><span class='ocrx_word' id='word_1_220' title='bbox 354 3894 530 3962; x_wconf 89' lang='lat' dir='ltr'>consulein</span> <span class='ocrx_word' id='word_1_221' title='bbox 542 3893 692 3985; x_wconf 86' lang='lat' dir='ltr'>Hispania</span> <span class='ocrx_word' id='word_1_222' title='bbox 704 3893 854 3985; x_wconf 72' lang='lat' dir='ltr'>degebat,</span> <span class='ocrx_word' id='word_1_223' title='bbox 873 3895 907 3959; x_wconf 88' lang='lat' dir='ltr'>in</span> <span class='ocrx_word' id='word_1_224' title='bbox 927 3895 1057 3960; x_wconf 87' lang='lat' dir='ltr'>Graecia</span> <span class='ocrx_word' id='word_1_225' title='bbox 1067 3917 1142 3959; x_wconf 93' lang='lat' dir='ltr'>eum</span> <span class='ocrx_word' id='word_1_226' title='bbox 1158 3894 1255 3961; x_wconf 82' lang='lat' dir='ltr'>fuisse</span> <span class='ocrx_word' id='word_1_227' title='bbox 1270 3892 1427 3960; x_wconf 90' lang='lat' dir='ltr'>relictum</span> 
     </span>
     <span class='ocr_line' id='line_1_31' title="bbox 353 4007 1163 4098; baseline 0 -24"><span class='ocrx_word' id='word_1_228' title='bbox 353 4031 465 4075; x_wconf 81' lang='lat' dir='ltr'>rerum</span> <span class='ocrx_word' id='word_1_229' title='bbox 489 4031 573 4073; x_wconf 90' lang='lat' dir='ltr'>anno</span> <span class='ocrx_word' id='word_1_230' title='bbox 592 4008 739 4098; x_wconf 88' lang='lat' dir='ltr'>sequenti</span> <span class='ocrx_word' id='word_1_231' title='bbox 762 4031 798 4074; x_wconf 82' lang='lat' dir='ltr'>ex</span> <span class='ocrx_word' id='word_1_232' title='bbox 821 4007 973 4097; x_wconf 86' lang='lat' dir='ltr'>Hispania</span> <span class='ocrx_word' id='word_1_233' title='bbox 992 4030 1163 4075; x_wconf 81' lang='lat' dir='ltr'>reversum.</span> 
     </span>
    </p>

    <p class='ocr_par' dir='ltr' id='par_1_7' title="bbox 400 4120 1428 4202">
     <span class='ocr_line' id='line_1_32' title="bbox 400 4120 1428 4202; baseline -0.001 -15"><span class='ocrx_word' id='word_1_234' title='bbox 400 4120 465 4187; x_wconf 87' lang='lat' dir='ltr'>Sed</span> <span class='ocrx_word' id='word_1_235' title='bbox 484 4121 533 4187; x_wconf 82' lang='lat' dir='ltr'>rel</span> <span class='ocrx_word' id='word_1_236' title='bbox 554 4122 597 4186; x_wconf 89' lang='lat' dir='ltr'>sic</span> <span class='ocrx_word' id='word_1_237' title='bbox 614 4133 723 4191; x_wconf 89' lang='lat' dir='ltr'>tamen</span> <span class='ocrx_word' id='word_1_238' title='bbox 744 4121 833 4189; x_wconf 87' lang='lat' dir='ltr'>locus</span> <span class='ocrx_word' id='word_1_239' title='bbox 852 4145 918 4187; x_wconf 86' lang='lat' dir='ltr'>non</span> <span class='ocrx_word' id='word_1_240' title='bbox 934 4134 1019 4187; x_wconf 80' lang='lat' dir='ltr'>necte</span> <span class='ocrx_word' id='word_1_241' title='bbox 1048 4121 1223 4188; x_wconf 85' lang='lat' dir='ltr'>illustratus</span> <span class='ocrx_word' id='word_1_242' title='bbox 1254 4132 1316 4202; x_wconf 88' lang='lat' dir='ltr'>est,</span> <span class='ocrx_word' id='word_1_243' title='bbox 1346 4144 1428 4187; x_wconf 92' lang='lat' dir='ltr'>nam</span> 
     </span>
    </p>
   </div>
   <div class='ocr_carea' id='block_1_5' title="bbox 348 4322 1437 4558">
    <p class='ocr_par' dir='ltr' id='par_1_8' title="bbox 348 4322 1437 4558">
     <span class='ocr_line' id='line_1_33' title="bbox 383 4322 1436 4393; baseline 0.003 -19"><span class='ocrx_word' id='word_1_244' title='bbox 383 4324 403 4391; x_wconf 81' lang='lat'>¹)</span> <span class='ocrx_word' id='word_1_245' title='bbox 421 4324 476 4375; x_wconf 86' lang='lat' dir='ltr'>Pro</span> <span class='ocrx_word' id='word_1_246' title='bbox 494 4324 562 4377; x_wconf 83' lang='lat' dir='ltr'>Mur.</span> <span class='ocrx_word' id='word_1_247' title='bbox 583 4330 613 4377; x_wconf 88' lang='grc'>17</span> <span class='ocrx_word' id='word_1_248' title='bbox 629 4327 642 4392; x_wconf 64' lang='lat' dir='ltr'>d</span> <span class='ocrx_word' id='word_1_249' title='bbox 656 4330 697 4377; x_wconf 85' lang='lat'>36.</span> <span class='ocrx_word' id='word_1_250' title='bbox 757 4322 777 4391; x_wconf 67' lang='grc'>2)</span> <span class='ocrx_word' id='word_1_251' title='bbox 794 4328 899 4390; x_wconf 77' lang='lat' dir='ltr'>Biielrh,</span> <span class='ocrx_word' id='word_1_252' title='bbox 922 4324 993 4393; x_wconf 80' lang='lat' dir='ltr'>Corp.</span> <span class='ocrx_word' id='word_1_253' title='bbox 1011 4324 1089 4377; x_wconf 80' lang='lat' dir='ltr'>Inscr.</span> <span class='ocrx_word' id='word_1_254' title='bbox 1107 4329 1130 4379; x_wconf 93' lang='grc' dir='ltr'>Ι.</span> <span class='ocrx_word' id='word_1_255' title='bbox 1147 4328 1286 4386; x_wconf 80' lang='lat' dir='ltr'><strong>N⁰.1543,</strong></span> <span class='ocrx_word' id='word_1_256' title='bbox 1305 4342 1366 4390; x_wconf 82' lang='lat' dir='ltr'>pars</span> <span class='ocrx_word' id='word_1_257' title='bbox 1381 4328 1436 4377; x_wconf 88' lang='lat' dir='ltr'>IV.</span> 
     </span>
     <span class='ocr_line' id='line_1_34' title="bbox 348 4407 1437 4480; baseline -0.002 -17"><span class='ocrx_word' id='word_1_258' title='bbox 348 4412 488 4477; x_wconf 86' lang='lat' dir='ltr'>Peloponn.</span> <span class='ocrx_word' id='word_1_259' title='bbox 506 4428 531 4475; x_wconf 83' lang='lat' dir='ltr'>p.</span> <span class='ocrx_word' id='word_1_260' title='bbox 551 4414 599 4461; x_wconf 81' lang='lat'>712</span> <span class='ocrx_word' id='word_1_261' title='bbox 618 4427 670 4477; x_wconf 84' lang='lat' dir='ltr'>sqq.</span> <span class='ocrx_word' id='word_1_262' title='bbox 724 4408 1039 4480; x_wconf 71' lang='lat' dir='ltr'>³)cursrus,Patop.11.</span> <span class='ocrx_word' id='word_1_263' title='bbox 1058 4417 1117 4462; x_wconf 81' lang='lat'>425.</span> <span class='ocrx_word' id='word_1_264' title='bbox 1169 4409 1190 4478; x_wconf 72' lang='lat'>4)</span> <span class='ocrx_word' id='word_1_265' title='bbox 1208 4409 1250 4461; x_wconf 80' lang='lat' dir='ltr'>De</span> <span class='ocrx_word' id='word_1_266' title='bbox 1266 4411 1314 4462; x_wconf 79' lang='lat' dir='ltr'>red.</span> <span class='ocrx_word' id='word_1_267' title='bbox 1338 4407 1437 4464; x_wconf 79' lang='lat' dir='ltr'>Graec.</span> 
     </span>
     <span class='ocr_line' id='line_1_35' title="bbox 349 4493 833 4558; baseline 0.008 -14"><span class='ocrx_word' id='word_1_268' title='bbox 349 4495 451 4547; x_wconf 76' lang='lat' dir='ltr'>indeed</span> <span class='ocrx_word' id='word_1_269' title='bbox 468 4493 529 4546; x_wconf 79' lang='lat' dir='ltr'>Act.</span> <span class='ocrx_word' id='word_1_270' title='bbox 548 4495 614 4558; x_wconf 74' lang='lat' dir='ltr'>soect</span> <span class='ocrx_word' id='word_1_271' title='bbox 631 4495 666 4546; x_wconf 84' lang='lat' dir='ltr'>ad</span> <span class='ocrx_word' id='word_1_272' title='bbox 681 4494 771 4549; x_wconf 74' lang='lat' dir='ltr'>Aaron.</span> <span class='ocrx_word' id='word_1_273' title='bbox 793 4503 833 4548; x_wconf 90' lang='lat' dir='ltr'>ll.</span> 
     </span>
    </p>
   </div>
   <div class='ocr_carea' id='block_1_6' title="bbox 0 0 1601 5304">
    <p class='ocr_par' dir='ltr' id='par_1_9' title="bbox 0 0 1601 5304">
     <span class='ocr_line' id='line_1_36' title="bbox 0 0 1601 5304; baseline 0 0"><span class='ocrx_word' id='word_1_274' title='bbox 0 0 1601 5304; x_wconf 95' lang='lat' dir='ltr'> </span> 
     </span>
    </p>
   </div>
  </div>
 </body>
</html>
