3190 5304
289 473 388 530 rann,
417 472 496 517 uxon
516 473 707 518 nonannnuau
729 455 805 538 (52).
827 458 848 539 ς
872 458 901 519 1.
924 476 1122 523 corruscare.
1193 460 1249 521 421

176 648 319 727 persiae.
371 648 489 716 Contra
511 650 642 716 offendit
667 651 866 743 impudicum
887 674 1065 743 cognomen
1087 655 1122 720 in
1141 666 1246 745 patre,

168 760 258 824 cuins
287 759 374 824 lilius
402 763 502 849 stupri
523 784 617 827 causa
637 774 770 828 necatus
792 774 854 842 est,
880 764 993 830 melius
1013 765 1101 830 cuim
1122 787 1241 832 coure-

171 873 252 939 niret
275 873 416 940 »Pullus
434 873 537 939 loris'’
565 876 596 939 in
631 874 751 954 filium,
786 874 863 954 hine
893 877 1030 967 suspicio
1057 876 1137 943 mihi
1162 889 1237 944 nata

172 997 234 1064 erl,
268 1009 308 1051 au
341 985 393 1052 hic
422 987 553 1054 forlasse
578 989 787 1079 ignominiose
817 988 861 1055 sie
890 989 994 1082 dietus
1023 992 1138 1069 fuerit,
1173 1013 1238 1056 non

174 1120 247 1163 roro
277 1111 384 1190 pater,
418 1101 609 1191 qui'serere
637 1102 669 1166 in
697 1101 799 1166 filium
829 1102 1066 1183 animadvertit,
1092 1104 1151 1169 nisi
1172 1105 1234 1169 iam

172 1208 362 1277 hereditaria
386 1212 482 1279 luerit
505 1213 716 1305 impudicitia.

620 1422 775 1430 *—

536 1552 718 1625 CAPUT
750 1553 868 1626 XVII.

412 1716 527 1776 naurs,
551 1716 641 1763 naon
665 1715 881 1763 uouanrruun
907 1699 992 1786 (52).

508 1851 525 1934 §
555 1854 581 1912 l.
635 1848 839 1940 Genealogia
867 1862 891 1915 ¹.

212 1998 316 2065 liano
332 1998 463 2064 Fabiam
494 2000 526 2064 in
554 2011 679 2064 nostrae
699 1999 801 2088 gentis
823 2011 956 2064 stemma
976 2000 1116 2091 recipere
1136 2023 1172 2066 ea
1193 2000 1233 2067 de

164 2134 259 2178 causa
280 2110 409 2189 licebit,
431 2111 558 2201 opinor,
592 2110 678 2201 quod
702 2111 907 2176 matrimonio
928 2111 1037 2176 iuncta
1057 2112 1154 2177 fuerit
1175 2115 1232 2179 uni

164 2223 294 2290 alterive
316 2224 517 2302 Dolabellae,
541 2224 717 2314 quiquam
740 2223 777 2289 ad
800 2223 1036 2317 nobilissimam!
1050 2223 1230 2291 Corneliam

162 2349 289 2426 gentem
325 2337 501 2426 pertineat,
535 2338 608 2403 satis
644 2335 813 2402 verisimile
843 2335 969 2402 ridetur
996 2359 1070 2402 enm
1108 2336 1232 2403 duxisse

162 2472 291 2515 uxorem
321 2472 356 2514 er
388 2449 597 2516 Maximorum
627 2450 757 2515 familia.
814 2449 976 2515 Incertum
1005 2463 1051 2516 est
1077 2463 1182 2516 tamen
1210 2476 1229 2515 a

162 2584 301 2652 quonam
329 2562 428 2628 Fabro
453 2575 606 2653 prognata
632 2563 743 2642 luerit,
769 2564 841 2628 anni
862 2564 1073 2653 suspicionem
1105 2577 1232 2631 movent

162 2698 234 2741 eam
258 2675 424 2766 aequalem
449 2675 555 2742 luisse*
568 2675 679 2759 Quinti
696 2677 768 2766 (53)
789 2676 875 2767 illins
895 2675 1076 2742 exheredati
1096 2689 1128 2742 el
1148 2676 1229 2742 alte·

161 2786 226 2852 rius
249 2786 406 2877 impudici
432 2787 514 2875 (54).

204 2898 349 2965 lnnotuit
379 2912 501 2964 tantum
533 2911 716 2990 propterea,
750 2899 838 2989 quod
867 2898 979 2965 Cicero
1007 2900 1084 2967 huic
1108 2902 1225 2969 Fabiae

160 3012 346 3078 Dolabellae
371 3013 517 3078 simulata
542 3013 722 3079 assensione
746 3013 958 3102 redarguerit,
983 3036 1082 3103 quum
1106 3013 1227 3082 diceret

158 3127 286 3216 triginta
299 3149 331 3191 se
343 3149 441 3190 annos
461 3125 591 3203 habere,
616 3139 684 3191 tum
701 3125 758 3191 ille
774 3149 914 3192 »rerum
932 3139 994 3204 est,
1013 3125 1134 3215 inquit,
1152 3151 1226 3193 nam

159 3238 221 3304 boe
248 3226 312 3304 iam
343 3239 454 3328 viginti
474 3261 572 3304 annos
589 3238 713 3304 audio''.
762 3238 901 3328 Lepidus
921 3238 1012 3302 hicce
1031 3238 1121 3303 locus
1142 3241 1225 3305 rarle

158 3364 307 3442 acceptus
334 3363 399 3430 est3
428 3352 490 3417 luit
516 3362 622 3416 autem
649 3350 745 3416 Fabia
767 3350 823 3415 illa
845 3373 910 3416 non
931 3350 1116 3416 Dolabellae
1139 3352 1223 3431 filia,

156 3488 230 3530 nam
260 3478 339 3530 tunc
369 3464 517 3532 Cornelia
546 3463 685 3543 audiret,
711 3487 818 3530 rerum
843 3486 921 3530 uror
941 3464 1035 3528 unius
1055 3464 1224 3550 alteriusve

155 3576 355 3643 Dolabellae.
404 3575 534 3644 Orellio.
551 3577 694 3643 sufficere
725 3576 892 3643 ridebatur
919 3574 1098 3667 Spaldingii
1123 3577 1224 3643 adno-

155 3690 249 3756 tatio:
276 3690 505 3756 »Dolabellam
530 3689 615 3756 hunc
634 3714 700 3756 esse
720 3691 921 3756 notissimum
945 3687 1106 3755 Ciceronis
1125 3713 1223 3779 gene·

134 3824 244 3883 rum,
274 3817 445 3894 antequam
466 3804 598 3869 duceret
619 3803 775 3882 Tulliam,
799 3804 861 3868 iam
882 3803 1051 3882 maritum,
1077 3825 1221 3894 necque

147 3917 285 4009 probem
310 3916 430 3996 habeo,
460 3941 519 3984 nec
535 3941 632 4008 quare
652 3939 763 4005 negem
784 3917 939 4006 reperiu.’'
988 3914 1090 3998 Quam
1113 3916 1219 3981 incer·

151 4028 305 4096 'tissimam
337 4031 527 4096 sententiam
550 4031 752 4096 Drumannus
774 4041 793 4093 2.
810 4053 867 4120 pro
893 4029 1067 4094 certissima
1088 4028 1220 4108 babuit,

146 4165 212 4209 nec
240 4143 333 4208 aliter
360 4145 483 4210 censuit
508 4143 681 4209 Haalrbius.
736 4141 816 4209 Non
841 4154 927 4207 rente
952 4142 1020 4220 illi,
1050 4142 1082 4206 ni
1107 4141 1216 4221 fallor,

146 4279 223 4323 nam
245 4256 349 4322 babeo
369 4257 486 4347 quibus
507 4257 650 4324 refellam
673 4257 763 4322 istam
787 4256 980 4347 opinionem.

175 4508 194 4577 ¹)
215 4509 317 4573 Quiucl.
335 4505 358 4558 Ι.
378 4505 405 4559 0.
421 4508 468 4560 Vl.
485 4511 508 4555 3.
564 4503 584 4574 ²)
606 4501 689 4558 Gerclc
705 4502 792 4567 Rome,
806 4506 843 4556 11.
858 4506 906 4556 578
924 4520 948 4556 n.
964 4507 1004 4569 97,
1018 4507 1126 4558 VI·699
1142 4522 1168 4557 n.
1183 4511 1222 4556 44.
