3194 5302
286 482 315 533 o.
327 479 431 524 santus
443 480 470 531 o.
482 479 509 523 r.
521 476 553 523 rr.
564 478 593 524 u.
603 473 764 521 montanus
775 455 862 541 (7).§
875 457 902 519 1.
913 472 1023 519 cossus
1033 461 1102 522 3³1.
1197 466 1237 527 73

169 658 241 725 dem
272 669 458 747 argumento
487 669 653 748 potueram
684 652 816 721 Diodori
843 653 1040 721 tribunatum
1064 679 1233 747 respuere,

166 771 218 837 sed
240 794 307 855 non
329 793 409 861 opus
429 780 510 847 erat,
526 791 626 859 quum
646 769 709 833 iam
730 788 767 833 er
786 766 845 832 illo
866 767 934 858 ipso
955 791 1003 834 ras
1019 770 1135 836 confisi
1154 795 1230 862 poa·

166 897 223 953 set.
271 883 340 949 Viri
367 881 469 962 docti,
503 881 559 972 qui
597 880 714 947 famam
750 879 874 945 etiamsi
909 879 1076 947 absurdam
1111 906 1230 951 eonco-

164 1019 263 1089 qnere
283 996 423 1075 malunt,
446 1016 543 1085 quam
560 992 711 1060 audacter
728 1015 891 1083 aperuere,
908 996 1088 1085 cogitarunt
1108 996 1148 1062 de
1166 998 1231 1064 alio

161 1110 204 1176 M.
224 1110 340 1188 Fabio,
359 1131 474 1198 nempe
493 1107 534 1172 de
556 1106 687 1173 consule
708 1107 783 1172 anni
805 1111 871 1174 373
890 1106 975 1197 (15);
1000 1108 1099 1174 nolite
1121 1122 1227 1177 tamen

159 1223 193 1288 in
213 1222 333 1288 horum
352 1206 539 1288 seutentiam
560 1220 696 1312 pedibus
710 1220 773 1299 ire,
789 1243 862 1285 nam
882 1221 1071 1310 pontificatu
1090 1224 1227 1290 marimo
1324 1260 1328 1265 ·

160 1336 251 1425 iungi
277 1358 343 1401 non
370 1336 477 1426 potuit
504 1335 544 1412 is,
573 1335 629 1425 qui
657 1333 783 1399 decimo
815 1356 898 1399 anuo
927 1347 999 1424 post
1025 1333 1156 1401 demum
1185 1338 1225 1403 ad

159 1450 361 1515 consulatum
382 1447 537 1538 persenit.
583 1446 723 1512 Praestat
745 1468 818 1512 cum
837 1445 930 1512 Liria
951 1447 1102 1514 fabellam
1127 1461 1226 1518 totam

158 1561 306 1629 abiicere.
1111 1640 1114 1645 1

201 1676 271 1743 Nee
292 1699 366 1741 sero
385 1675 596 1765 suspicionem
618 1696 761 1764 premere
780 1696 925 1764 possum,
953 1673 1039 1763 quod
1067 1672 1107 1739 ad
1127 1675 1226 1742 Marsi

157 1790 257 1855 nostri
286 1801 422 1854 mortem
448 1788 578 1866 attinet3
602 1788 628 1852 si
649 1787 712 1852 iam
733 1797 864 1876 propter
884 1797 1021 1853 aetatem
1040 1787 1135 1853 nimis
1150 1813 1226 1880 pro·

156 1914 281 1968 neotum
294 1926 358 1968 uon
370 1900 465 1967 credo
478 1923 550 1966 eum
563 1899 690 1966 senibus
707 1899 862 1966 adstitisse
875 1903 1139 1990 nonagenarium,
1149 1903 1225 1970 inde

156 2016 301 2106 sequitur
329 2017 362 2080 in
393 2013 530 2081 dubium
563 2012 738 2079 vocandam
769 2035 836 2080 esse
865 2014 932 2079 eius
961 2017 1223 2104 provocationem

154 2154 211 2221 pro
241 2128 312 2194 filio
340 2148 425 2191 anuo
453 2137 541 2206 ante3
575 2124 665 2189 ouius
691 2124 738 2188 rei
764 2122 826 2189 hoo
855 2137 1079 2213 argumentum
1106 2125 1223 2194 addere

153 2243 260 2321 lubet,
292 2239 465 2305 admodum
500 2238 667 2326 verisimile
697 2260 764 2303 esse
792 2237 1051 2327 provocationem
1079 2239 1222 2306 illumin

154 2355 254 2421 Marci
273 2353 438 2419 historiam
458 2350 574 2443 pedem
594 2351 738 2416 intulisse
755 2371 792 2415 ex
810 2350 953 2415 Rulliani
969 2353 1066 2440 patris
1079 2353 1149 2442 (13)
1170 2377 1222 2419 re-

153 2468 270 2559 petita,
288 2466 345 2532 ubi
364 2465 447 2532 nulli
467 2464 567 2529 dubio
590 2462 726 2529 obnoxia
750 2475 797 2529 est
816 2474 846 2542 ¹;
870 2463 1008 2553 denique
1028 2487 1114 2555 pono
1135 2465 1221 2532 Mar·

131 2572 133 2575 ’
155 2600 225 2645 enm
248 2579 334 2645 diem
355 2578 467 2643 obiisse
487 2598 669 2667 supremum
687 2576 783 2642 breve
797 2587 870 2666 post
884 2576 1016 2642 alteram
1026 2578 1219 2668 legationem

153 2694 227 2757 anni
248 2697 331 2771 323,
356 2712 456 2782 quum
476 2691 510 2755 in
529 2690 653 2780 proelio
671 2702 780 2755 eontra
805 2689 931 2780 Aequos
947 2702 980 2754 et
1000 2689 1132 2758 Volscos
1151 2693 1219 2758 eius

152 2805 255 2873 femur
275 2827 359 2894 equo
378 2803 519 2869 adfixum
542 2826 608 2868 esse
629 2803 746 2869 diserte
768 2801 910 2869 traditur.

564 3008 774 3020 -———=

537 3134 719 3207 CAPUT
752 3133 833 3207 VII.

300 3296 439 3360 ouranos
456 3296 573 3345 suasos
593 3297 621 3356 o.
640 3297 668 3343 r.
690 3296 724 3342 u.
743 3297 774 3343 n.
797 3295 981 3344 arentinos
1001 3278 1063 3368 (7).

508 3462 525 3544 §
553 3462 581 3522 l.
632 3455 757 3523 Consul
777 3462 853 3524 331.

403 3613 429 3675 Q.
449 3610 547 3659 aratos
567 3611 592 3675 Q.
611 3611 635 3660 r.
653 3613 685 3661 n.
704 3612 731 3661 n.
749 3612 909 3660 arnotinus
928 3609 947 3663 ².

402 3698 425 3746 c.
444 3694 621 3744 sanaremus
640 3699 666 3744 a,
685 3697 709 3744 r.
726 3698 751 3744 r.
772 3697 799 3746 u.
816 3696 986 3746 nausimus

192 3820 246 3887 His
275 3818 461 3885 oonsulibus
486 3830 498 3867 ³
528 3841 623 3908 grave
656 3816 778 3882 bellum
814 3816 967 3883 Volscum
1003 3816 1211 3899 imminebat,

146 3956 220 4000 nam
239 3932 383 3999 indutiae
399 3932 432 3996 iu
451 3943 524 3996 octo
543 3954 643 3996 annos
660 3929 753 3995 datae
770 3953 853 3995 anno
871 3932 954 4010 324,
969 3953 1055 3997 nuno
1066 3933 1209 4022 praeter·

146 4045 249 4138 lapsae
261 4057 367 4123 erant,
388 4056 424 4109 ut
442 4056 527 4110 reete
545 4043 772 4109 demonstravit
787 4042 983 4110 Niebuhrius
996 4059 1022 4121 ’ς
1034 4046 1124 4112 annis
1135 4046 1210 4113 deni

147 4171 268 4226 tantum
295 4170 542 4235 memmerunt,
568 4157 658 4248 atqui
677 4160 721 4225 80
741 4156 791 4221 illi
810 4180 932 4223 meuses
953 4159 1017 4224 sire
1034 4164 1059 4225 ,6
1080 4161 1155 4226 anui
1178 4172 1209 4226 et

173 4432 193 4500 ¹)
210 4435 248 4486 Cf.
264 4435 322 4484 Lib.
337 4431 399 4483 VII.
414 4431 475 4497 Gap.
489 4445 500 4480 1
516 4432 530 4493 §
544 4437 568 4480 3.
622 4427 642 4497 2)
659 4431 728 4481 east.
746 4431 807 4496 Cap.
827 4436 891 4491 3885
905 4433 962 4483 Lis.
973 4434 1021 4483 IV.
1032 4439 1077 4490 373
1088 4433 1214 4493 Cassiod.;

138 4519 191 4573 An.
207 4522 282 4579 Nor.;
309 4519 377 4570 Fast.
402 4517 452 4571 Sis.
515 4511 535 4581 3)
553 4516 609 4567 Lir.
627 4517 676 4568 IV.
695 4518 806 4567 37-41.
869 4514 889 4583 6)
906 4513 941 4569 R.
963 4514 993 4568 G⁴
1012 4519 1033 4568 I.
1048 4524 1103 4580 ⁸310
1121 4534 1189 4585 seqq.
