3210 5300
593 444 614 528 ς
636 447 664 508 8.
686 463 827 508 overtros
849 448 918 510 537.
1233 447 1293 513 329

223 643 421 711 mentionem
443 640 584 708 historici
603 663 688 708 nunc
708 640 839 708 faciunt.
867 642 1028 733 Appianus
1050 654 1060 692 ¹
1084 651 1208 720 eontra,
1233 642 1290 731 qui

223 769 368 849 tempora
394 778 458 822 non
490 754 564 820 satis
595 766 743 821 accurate
767 753 925 833 distinxit,
948 753 1046 822 tradit
1066 753 1237 820 Servilium
1256 766 1290 820 et
1364 846 1369 855 Ι

224 869 356 935 tritium
377 867 483 933 denuo
501 868 722 958 magistratum
742 867 862 946 iniisse,
886 867 939 933 se'd
963 889 1027 933 non
1053 867 1097 934 ita
1128 880 1190 947 est,
1214 890 1286 933 nam

220 981 373 1048 Servilius
394 980 516 1046 interea
545 1003 631 1048 oram
658 992 776 1047 tutatus
796 992 878 1059 erat,
902 995 935 1045 et
957 980 1072 1046 Atilius
1091 979 1155 1047 iam
1174 981 1287 1046 inierat

220 1094 440 1184 magistratum
460 1094 566 1160 statim
590 1106 758 1184 postquam
779 1095 929 1160 suffectus
952 1105 1042 1160 esset.

263 1206 411 1297 Denique
439 1204 493 1272 ubi
520 1206 638 1273 Fabius
658 1208 844 1297 magistratu
864 1230 896 1273 se
917 1206 1094 1287 abdicaret,
1117 1206 1207 1273 novis
1225 1206 1287 1274 im·

218 1319 417 1410 potatoribus
434 1318 565 1386 tradidit
581 1321 687 1410 copias
703 1332 870 1410 castraque
886 1342 952 1385 non
971 1322 1037 1387 sine
1053 1320 1196 1410 longiora
1215 1343 1286 1387 ora·

218 1432 304 1498 tione
334 1432 491 1511 suasoria,
512 1445 547 1498 ut
565 1432 656 1498 Livio
678 1443 691 1482 ²
723 1433 836 1500 saltem
854 1433 997 1514 videtur,
1020 1457 1061 1501 ne
1081 1445 1198 1500 temere
1222 1457 1285 1525 pu·

218 1559 329 1635 gnaret
351 1568 411 1612 nec
429 1546 589 1636 proelium
609 1546 716 1613 iniret.

262 1658 335 1723 Non
357 1681 486 1749 possum
506 1658 584 1749 quin
605 1657 696 1724 Fabii
716 1680 810 1724 causa
836 1680 937 1751 pauca
958 1659 1124 1726 subiiciam
1145 1659 1284 1750 quidde

215 1771 460 1837 celebratissima
479 1774 681 1837 cunctatione
703 1783 715 1821 ³
745 1786 909 1851 censeam,
942 1773 1067 1840 etiamsi
1084 1774 1206 1840 tacticis
1226 1772 1285 1839 ad·

216 1884 312 1950 scribi
331 1884 439 1951 nolim.
487 1885 559 1950 Toti
581 1897 654 1950 sunt
673 1882 816 1950 historici
838 1885 986 1951 laudibus
1002 1887 1041 1952 ad
1062 1887 1188 1952 coelum
1210 1909 1289 1955 eum

218 1997 377 2076 tollendo,
401 1998 457 2088 qui
486 1997 572 2063 solus
601 2020 667 2062 rem
687 1998 860 2063 restituisse
879 1997 920 2063 ab
940 2000 1045 2065 Ennio
1064 1999 1139 2066 iude
1159 2000 1284 2066 canitur

215 2111 265 2176 vel
290 2109 331 2175 ad
351 2123 458 2176 nostra
480 2132 580 2200 usque
599 2121 744 2200 tempora
763 2134 779 2173 a
798 2110 940 2200 superbis
959 2110 1050 2175 Fabii
1067 2113 1200 2201 posteris
1221 2114 1288 2179 sci··

213 2224 298 2292 licet.
346 2222 547 2290 cunctatoris
578 2245 715 2313 proavus
745 2245 812 2288 rem
843 2234 970 2288 strenue
998 2222 1120 2311 agendo
1153 2224 1283 2291 Maximi

213 2359 391 2427 cognomen
412 2348 550 2403 traxerat
569 2335 665 2425 longe
682 2334 814 2400 meliore
834 2334 903 2400 iure
923 2358 1018 2425 quarn
1035 2347 1142 2401 noster
1156 2337 1182 2402 si
1198 2337 1282 2404 illud

211 2462 323 2515 nactus
344 2461 424 2516 esset
445 2448 657 2515 Hannibalem
681 2447 827 2514 arcendo.
860 2447 916 2513 Nil
931 2446 1053 2536 egendo
1070 2459 1196 2540 tempus
1212 2462 1281 2516 tan-

213 2574 280 2629 tum
302 2563 439 2642 terebat,
473 2560 666 2628 defendebat
689 2562 838 2652 patriam,
862 2561 915 2627 sed
939 2573 976 2626 ut
997 2585 1069 2628 rere
1089 2561 1191 2628 dicam
1214 2586 1279 2630 non

210 2675 329 2768 repulit
359 2677 518 2754 Poenum,
552 2673 638 2765 quod
668 2673 836 2765 Spoletum
866 2674 942 2742 fecit
971 2687 1003 2740 et
1029 2686 1138 2764 postea
1161 2675 1279 2744 ducum

210 2789 311 2868 fraus,
335 2791 368 2855 in
391 2788 565 2856 Casilinum
588 2810 670 2879 quae
690 2810 764 2853 eum
784 2787 926 2856 deduxit.
974 2786 1114 2854 Omnino
1133 2813 1199 2855 non
1218 2813 1279 2881 po·

209 2913 271 2968 test
299 2902 391 2968 Fabii
418 2903 582 2992 ingenium
605 2924 677 2989 cum
707 2901 895 2967 Hannibalis
924 2900 1040 2968 virtute
1064 2905 1277 2994 aequiparari,

211 3014 265 3081 bic
295 3016 381 3081 enim
412 3016 553 3081 infinitas
583 3014 787 3080 difficultates
808 3014 984 3104 superavit,
1007 3013 1064 3080 ille
1085 3015 1187 3080 arcuit
1207 3016 1277 3082 bel·

208 3127 277 3193 lum
306 3150 372 3193 non
402 3127 434 3192 in
463 3126 594 3193 Samnio
625 3138 680 3192 aut
699 3127 832 3192 ulterius
853 3126 938 3191 hosti
959 3125 1083 3193 obviam
1102 3127 1221 3208 iturus3
1244 3143 1277 3196 et

208 3262 308 3330 quum
340 3240 468 3306 tandem
500 3241 582 3306 forte
610 3240 739 3304 fortuna
770 3237 877 3305 hostes
906 3261 979 3304 curn
1009 3239 1156 3304 omnibus
1176 3242 1275 3330 copiis

208 3352 299 3419 deria
329 3376 403 3420 usus
431 3353 610 3419 deflexisset
638 3365 671 3419 et
701 3353 843 3419 inclusus
864 3365 944 3418 esset
963 3362 1077 3416 natura
1095 3352 1171 3432 loci,
1196 3364 1273 3419 tunc

207 3487 349 3531 summus
377 3465 433 3531 ille
463 3465 540 3530 belli
569 3464 632 3530 dux
663 3464 793 3529 insidias
824 3474 912 3528 recte
929 3461 1086 3527 'adhibuit
1114 3475 1147 3528 et
1168 3463 1273 3531 salvus

205 3576 330 3668 elapsus
358 3588 407 3644 est
437 3599 509 3644 cum
531 3587 599 3644 tota
627 3578 755 3667 praeda.
804 3576 894 3641 Tunc
911 3587 1076 3666 potuerat,
1101 3577 1127 3640 si
1145 3599 1179 3642 re
1199 3600 1271 3644 vcra

204 3689 358 3756 Maximus
378 3702 473 3770 esset,
496 3689 620 3756 hostem
640 3689 784 3754 funditus
803 3688 924 3768 delere,
947 3688 1024 3753 dum
1051 3711 1142 3779 sagax
1161 3690 1272 3758 suisset

205 3815 238 3868 et
257 3813 343 3868 recte
365 3824 438 3867 usus
459 3817 539 3870 esset
565 3804 631 3869 loci
652 3814 774 3869 natura.
820 3801 895 3868 Non
917 3803 990 3868 satis
1018 3802 1140 3868 laudari
1165 3815 1271 3893 potest

207 3913 396 3992 Cunctator,
415 3914 502 4004 quod
520 3916 730 3983 Hannibalem
747 3938 784 3980 ex
803 3914 896 3979 Latio
917 3916 1068 3995 arcuerit,
1088 3917 1176 4007 quod
1194 3940 1269 3985 curn

204 4025 333 4117 aggredi
354 4027 512 4107 noluerit,
534 4028 588 4094 sed
608 4029 783 4120 prudenter
801 4028 868 4092 eius
891 4029 951 4094 iter
981 4028 1206 4109 observaverit,
1236 4045 1268 4099 et

201 4107 344 4231 pugnim
363 4139 583 4206 detrectaverit
609 4165 681 4208 cum
707 4143 812 4209 feroce
831 4154 864 4207 et
884 4143 1043 4232 superiore
1063 4141 1172 4225 hoste,
1198 4145 1266 4236 ipse
1353 4210 1359 4219 ,

231 4410 251 4477 ¹)
269 4411 337 4463 Han.
365 4417 405 4464 16.
457 4408 478 4478 ²)
496 4413 590 4467 XXII.
612 4418 770 4484 39;'Polyb.
792 4418 843 4469 111.
871 4419 918 4467 106
945 4417 959 4480 5
984 4422 1007 4466 t.
1059 4413 1081 4484 ὅ)
1105 4418 1194 4485 Polyb.
1218 4420 1268 4472 III.

193 4502 242 4562 89,
259 4498 315 4552 Liv.
334 4498 417 4551 XXII
422 4538 430 4564 ,
448 4500 548 4566 passim.
1171 4542 1175 4549 ι
