3154 5294
181 479 209 524 a.
220 476 323 524 russos
333 477 365 524 rr.
376 478 404 523 r.
415 477 443 528 u.
454 477 483 522 n.
493 475 642 522 assuerus
652 457 727 543 (ll).
748 459 809 543 55.
820 475 899 522 sero.
909 475 972 523 usn.
982 458 1056 524 1111.
1067 460 1137 524 000.
1159 463 1218 525 105

157 657 202 724 rix
228 656 315 722 enim
345 677 437 722 causa
454 666 559 745 potest
579 653 730 744 cogitari,
760 676 818 720 cur
838 653 908 721 Veii
928 653 1006 721 adeo
1027 655 1065 720 iis
1083 655 1216 745 placue-

159 769 236 848 rint,
269 791 365 859 qnam
398 768 508 834 urbem
539 766 647 833 delere
671 767 853 833 maluerunt
872 788 966 858 quam
987 768 1088 858 patria
1108 768 1218 835 relicta

161 881 318 961 habitare3
346 881 403 947 nbi
424 904 499 947 rero
518 879 621 946 Roma
641 878 746 946 deleta
766 891 846 958 erat,
869 891 948 945 tnnc
967 879 1218 972 haudquaquam

160 993 333 1060 absurdum
351 1006 398 1061 est
413 1017 466 1060 eos
481 993 634 1084 cogitasse
650 991 691 1060 de
707 993 896 1084 migratione
909 992 1018 1074 Veios,
1034 1015 1094 1059 nec
1110 1005 1216 1060 tamen

161 1107 255 1187 serio,
286 1107 414 1199 opinor,
446 1129 519 1173 nam
546 1118 676 1197 penates
699 1106 880 1197 relinquere
904 1105 1017 1197 religio
1037 1105 1220 1174 obstitisset.

159 1218 225 1288 Nec
235 1231 380 1286 constare
397 1218 477 1286 mibi
491 1219 616 1287 ridetur
627 1220 815 1286 Volscorum
830 1219 975 1285 coloniae
989 1219 1125 1300 mentio,
1142 1241 1218 1284 nam

161 1333 184 1398 si
211 1337 300 1402 3000
333 1326 416 1400 eires
435 1334 629 1426 accepissent
648 1336 714 1419 32⁷1
732 1333 856 1424 iugera,
883 1336 1000 1411 10,000
1019 1333 1165 1423 iugerum
1184 1332 1219 1398 in

160 1443 282 1513 Volscis
309 1446 480 1515 habuerint
508 1447 646 1514 Romani
666 1467 793 1513 necesse
812 1457 860 1512 est
881 1444 1024 1512 nondum
1047 1456 1221 1538 occupata;

160 1582 237 1649 quas
256 1573 388 1627 terrase
408 1583 474 1652 quo
492 1561 636 1651 ceperint
655 1559 778 1652 populo
798 1581 863 1625 non
883 1559 1034 1638 traditur,
1052 1581 1125 1625 nam
1148 1580 1222 1649 ager

159 1693 268 1739 recens
299 1674 356 1763 qui
384 1685 451 1740 crat
480 1684 606 1764 captus,
640 1671 784 1763 Capenas
810 1695 926 1763 nempe
944 1673 978 1737 in
998 1673 1125 1739 Etruria
1145 1673 1223 1738 situs

161 1796 224 1864 est,
248 1807 355 1875 neque
375 1785 509 1853 obsessis
530 1784 615 1851 Veiis
634 1785 695 1852 alia
714 1808 829 1876 magna
845 1798 1009 1876 gesseruut
1029 1785 1130 1863 bella,
1146 1786 1222 1851 lini·

160 1898 255 1964 timos
266 1920 358 1990 agros
368 1897 647 1990 depopulabantur
661 1910 796 1966 tautum.
842 1899 973 1967 ldorent
990 1923 1042 1966 me
1056 1898 1136 1966 baec
1152 1921 1222 1965 om·

160 2011 226 2091 nia,
250 2024 288 2078 ut
307 2011 348 2078 de
367 2012 531 2103 duplicata
551 2012 635 2079 faura
654 2012 807 2103 cogitem,
831 2014 857 2078 si
876 2015 962 2080 enim
982 2014 1078 2080 talem
1097 2035 1222 2080 succes·

159 2147 227 2191 sum
245 2122 446 2204 habuissent,
469 2147 545 2216 prae
560 2123 677 2216 gaudio
695 2124 804 2191 turbas
822 2138 854 2191 et
871 2126 1017 2216 querelas
1032 2127 1072 2192 de
1087 2126 1222 2195 decuma

157 2237 333 2317 misissent,
365 2259 461 2327 quam
484 2236 638 2303 Camillus
668 2237 708 2304 de
738 2236 918 2303 Veientium
943 2236 1061 2328 praeda
1083 2251 1220 2306 rorerat.

159 2349 276 2416 Fabius
295 2360 403 2415 noster
420 2349 469 2415 rix
488 2347 696 2415 memorabile
718 2347 840 2438 aliquid
860 2349 991 2439 gessisse
1012 2347 1150 2429 ridetur,
1178 2351 1221 2416 si·

159 2462 289 2555 quidem
310 2464 350 2528 ab
368 2460 527 2527 historicis
546 2484 610 2527 non
632 2461 795 2527 inducitur
812 2461 908 2527 rerba
928 2462 1047 2527 faciens
1064 2463 1097 2527 in
1118 2462 1220 2530 turbis

159 2576 198 2643 de
226 2576 369 2654 colonia,
401 2598 507 2666 neque
534 2574 567 2640 in
597 2574 669 2640 loco
698 2573 739 2640 de
769 2573 898 2640 Camilli
926 2574 1076 2657 decuma;
1100 2575 1140 2641 de
1161 2575 1221 2642 bac

158 2689 292 2755 tacuisse
321 2698 474 2778 praestat,
507 2710 580 2753 nam
604 2687 732 2753 nonnisi
755 2686 870 2753 seditio
892 2710 928 2753 ea
952 2687 992 2753 de
1012 2711 1046 2754 re
1074 2688 1107 2753 in
1134 2687 1221 2754 bunc

159 2825 277 2869 annum
305 2801 406 2879 cadit,
439 2823 505 2867 non
535 2823 609 2867 rere
638 2799 769 2866 historia
789 2813 929 2866 craterae
947 2801 1051 2881 illius,
1074 2824 1157 2893 quae
1179 2802 1220 2868 ad

160 2912 331 2981 Camillum
346 2913 504 3005 pertinet,
520 2912 611 2980 cuine
629 2935 678 2980 ree
695 2925 798 3003 gestas
814 2937 831 2978 u
848 2913 987 2980 Fabiana
1004 2914 1220 3007 disputatione

159 3026 349 3095 secernenda
372 3049 439 3093 esse
462 3026 547 3092 duxi.

363 3211 382 3294 §
408 3215 437 3275 5.
486 3206 653 3274 Tribunus
675 3209 818 3274 molitum
841 3207 915 3275 llll.
940 3215 1016 3278 364.

200 3367 249 3434 lle
279 3364 431 3431 Kaesonis
461 3363 621 3454 legatione
650 3377 682 3431 et
714 3363 879 3431 tribunatu
908 3364 1023 3433 ultimo
1051 3367 1115 3434 iam
1145 3368 1219 3436 setis

159 3492 284 3569 supra¹
316 3479 527 3559 dictumest,
559 3477 599 3543 ad
624 3501 720 3568 quem
744 3478 852 3545 locum
878 3478 1031 3547 lectorem
1059 3480 1219 3573 ablegasse

158 3594 300 3661 sufficiet.

540 3752 558 3836 §
583 3752 613 3815 6.
658 3749 831 3818 Nummus.

201 3935 327 4012 Restat,
359 3944 395 3998 ut
424 3932 463 3998 de
491 3954 625 3997 nummo
653 3943 667 3981 ²
702 3930 869 3998 Goltaiano
907 3933 1086 4024 disputem3
1111 3938 1215 4028 'quem

159 4048 406 4115 rcrbistantum
428 4057 516 4111 utet
540 4056 662 4112 ceteros
685 4067 794 4111 omnes
814 4046 1009 4128 describam,
1038 4073 1102 4116 non
1127 4051 1215 4143 quod

160 4160 236 4227 illud
265 4161 410 4228 sufficere
440 4158 586 4239 credam,
616 4182 691 4225 uam
714 4158 854 4225 multum
874 4160 980 4242 abest,
1002 4186 1039 4229 er
1061 4187 1131 4232 mea
1152 4167 1215 4233 sal·

188 4437 206 4505 ¹)
222 4440 607 4508 cap.1§s-snuiasnibri,p.
617 4446 727 4493 84—96.
806 4437 827 4508 ²)
844 4440 923 4493 VailI
933 4439 1222 4512 NumantsuoaRom

153 4520 197 4573 III
213 4529 240 4590 1,
255 4527 356 4580 Mosell.
373 4523 447 4577 Narra
458 4526 530 4593 sum.
547 4522 620 4577 Rom.
638 4527 676 4579 ed.
694 4522 804 4579 Harerc.
821 4539 878 4593 ρας.
897 4520 956 4578 550.
974 4526 1079 4580 XVIII.
