<?xml version="1.0" encoding="UTF-8"?>
<!DOCTYPE html PUBLIC "-//W3C//DTD XHTML 1.0 Transitional//EN"
    "http://www.w3.org/TR/xhtml1/DTD/xhtml1-transitional.dtd">
<html xmlns="http://www.w3.org/1999/xhtml" xml:lang="en" lang="en">
 <head>
  <title>
</title>
<meta http-equiv="Content-Type" content="text/html;charset=utf-8" />
  <meta name='ocr-system' content='tesseract 3.04.00' />
  <meta name='ocr-capabilities' content='ocr_page ocr_carea ocr_par ocr_line ocrx_word'/>
</head>
<body>
  <div class='ocr_page' id='page_1' title='image "./disputatiodegen00servgoog_0380.png"; bbox 0 0 3210 5300; ppageno 0'>
   <div class='ocr_carea' id='block_1_1' title="bbox 276 450 1264 534">
    <p class='ocr_par' dir='ltr' id='par_1_1' title="bbox 276 450 1264 534">
     <span class='ocr_line' id='line_1_1' title="bbox 276 450 1264 534; baseline 0.003 -21"><span class='ocrx_word' id='word_1_1' title='bbox 276 450 297 532; x_wconf 62' lang='lat'>5</span> <span class='ocrx_word' id='word_1_2' title='bbox 305 452 334 513; x_wconf 83' lang='lat'>2.</span> <span class='ocrx_word' id='word_1_3' title='bbox 345 466 537 513; x_wconf 81' lang='lat' dir='ltr'>snunsnoorr.</span> <span class='ocrx_word' id='word_1_4' title='bbox 548 450 570 533; x_wconf 48' lang='grc' dir='ltr'><em>ὃ</em></span> <span class='ocrx_word' id='word_1_5' title='bbox 581 452 609 513; x_wconf 87' lang='grc'>3.</span> <span class='ocrx_word' id='word_1_6' title='bbox 622 469 770 520; x_wconf 76' lang='lat' dir='ltr'>ouansron</span> <span class='ocrx_word' id='word_1_7' title='bbox 781 451 850 514; x_wconf 85' lang='grc'><strong>558.</strong></span> <span class='ocrx_word' id='word_1_8' title='bbox 861 451 882 534; x_wconf 64' lang='lat'><strong>5</strong></span> <span class='ocrx_word' id='word_1_9' title='bbox 893 453 922 517; x_wconf 77' lang='lat'>4.</span> <span class='ocrx_word' id='word_1_10' title='bbox 934 468 1068 515; x_wconf 67' lang='lat' dir='ltr'>cucuron</span> <span class='ocrx_word' id='word_1_11' title='bbox 1078 454 1147 516; x_wconf 85' lang='grc'><strong>565.</strong></span> <span class='ocrx_word' id='word_1_12' title='bbox 1189 455 1249 516; x_wconf 85' lang='grc'>363</span> <span class='ocrx_word' id='word_1_13' title='bbox 1262 450 1264 455; x_wconf 77' lang='grc'>’</span> 
     </span>
    </p>
   </div>
   <div class='ocr_carea' id='block_1_2' title="bbox 176 644 1246 1418">
    <p class='ocr_par' dir='ltr' id='par_1_2' title="bbox 176 644 1246 1418">
     <span class='ocr_line' id='line_1_2' title="bbox 223 644 1242 737; baseline 0.002 -26"><span class='ocrx_word' id='word_1_14' title='bbox 223 645 433 730; x_wconf 80' lang='lat' dir='ltr'>Quaestorum</span> <span class='ocrx_word' id='word_1_15' title='bbox 453 657 520 712; x_wconf 87' lang='lat' dir='ltr'>erat</span> <span class='ocrx_word' id='word_1_16' title='bbox 538 644 620 711; x_wconf 90' lang='lat' dir='ltr'>illud</span> <span class='ocrx_word' id='word_1_17' title='bbox 639 657 763 735; x_wconf 86' lang='lat' dir='ltr'>petere,</span> <span class='ocrx_word' id='word_1_18' title='bbox 788 658 820 712; x_wconf 92' lang='lat' dir='ltr'>et</span> <span class='ocrx_word' id='word_1_19' title='bbox 839 647 883 712; x_wconf 88' lang='lat' dir='ltr'>sic</span> <span class='ocrx_word' id='word_1_20' title='bbox 902 647 1038 737; x_wconf 86' lang='lat' dir='ltr'>legimus</span> <span class='ocrx_word' id='word_1_21' title='bbox 1057 645 1094 731; x_wconf 79' lang='lat' dir='ltr'>Q.</span> <span class='ocrx_word' id='word_1_22' title='bbox 1105 648 1242 714; x_wconf 89' lang='lat' dir='ltr'>Fabium</span> 
     </span>
     <span class='ocr_line' id='line_1_3' title="bbox 176 758 1246 851; baseline -0.002 -24"><span class='ocrx_word' id='word_1_23' title='bbox 176 760 361 827; x_wconf 75' lang='lat' dir='ltr'>Labeonem</span> <span class='ocrx_word' id='word_1_24' title='bbox 389 770 423 825; x_wconf 89' lang='lat' dir='ltr'>et</span> <span class='ocrx_word' id='word_1_25' title='bbox 450 758 488 826; x_wconf 88' lang='lat' dir='ltr'>L.</span> <span class='ocrx_word' id='word_1_26' title='bbox 513 758 740 839; x_wconf 70' lang='lat' dir='ltr'>Aureliumab</span> <span class='ocrx_word' id='word_1_27' title='bbox 761 759 934 850; x_wconf 76' lang='lat' dir='ltr'>auguribus</span> <span class='ocrx_word' id='word_1_28' title='bbox 963 760 1092 851; x_wconf 89' lang='lat' dir='ltr'>petiisse</span> <span class='ocrx_word' id='word_1_29' title='bbox 1120 761 1246 851; x_wconf 88' lang='lat' dir='ltr'>stipen-</span> 
     </span>
     <span class='ocr_line' id='line_1_4' title="bbox 177 872 1242 964; baseline -0.003 -24"><span class='ocrx_word' id='word_1_30' title='bbox 177 874 286 954; x_wconf 86' lang='lat' dir='ltr'>dium,</span> <span class='ocrx_word' id='word_1_31' title='bbox 311 872 399 964; x_wconf 89' lang='lat' dir='ltr'>quod</span> <span class='ocrx_word' id='word_1_32' title='bbox 414 895 472 963; x_wconf 92' lang='lat' dir='ltr'>per</span> <span class='ocrx_word' id='word_1_33' title='bbox 488 872 610 939; x_wconf 91' lang='lat' dir='ltr'>bellom</span> <span class='ocrx_word' id='word_1_34' title='bbox 625 896 692 938; x_wconf 90' lang='lat' dir='ltr'>uon</span> <span class='ocrx_word' id='word_1_35' title='bbox 708 873 921 940; x_wconf 82' lang='lat' dir='ltr'>coutulerunt.</span> <span class='ocrx_word' id='word_1_36' title='bbox 955 873 1117 940; x_wconf 83' lang='lat' dir='ltr'>Nolebent</span> <span class='ocrx_word' id='word_1_37' title='bbox 1134 885 1242 938; x_wconf 89' lang='lat' dir='ltr'>tamen</span> 
     </span>
     <span class='ocr_line' id='line_1_5' title="bbox 176 984 1243 1075; baseline -0.002 -23"><span class='ocrx_word' id='word_1_38' title='bbox 176 987 225 1052; x_wconf 88' lang='lat' dir='ltr'>illi</span> <span class='ocrx_word' id='word_1_39' title='bbox 253 985 376 1052; x_wconf 79' lang='lat' dir='ltr'>solvere</span> <span class='ocrx_word' id='word_1_40' title='bbox 405 984 493 1075; x_wconf 86' lang='lat' dir='ltr'>quod</span> <span class='ocrx_word' id='word_1_41' title='bbox 519 1007 643 1051; x_wconf 89' lang='lat' dir='ltr'>summo</span> <span class='ocrx_word' id='word_1_42' title='bbox 669 985 739 1050; x_wconf 88' lang='lat' dir='ltr'>iure</span> <span class='ocrx_word' id='word_1_43' title='bbox 767 984 969 1075; x_wconf 77' lang='lat' dir='ltr'>exigebatur,</span> <span class='ocrx_word' id='word_1_44' title='bbox 994 984 1070 1051; x_wconf 89' lang='lat' dir='ltr'>hinc</span> <span class='ocrx_word' id='word_1_45' title='bbox 1094 985 1135 1051; x_wconf 92' lang='lat' dir='ltr'>de</span> <span class='ocrx_word' id='word_1_46' title='bbox 1155 1007 1243 1051; x_wconf 85' lang='lat' dir='ltr'>mose</span> 
     </span>
     <span class='ocr_line' id='line_1_6' title="bbox 176 1097 1245 1189; baseline -0.005 -22"><span class='ocrx_word' id='word_1_47' title='bbox 176 1101 299 1167; x_wconf 88' lang='lat' dir='ltr'>multae</span> <span class='ocrx_word' id='word_1_48' title='bbox 317 1097 438 1178; x_wconf 84' lang='lat' dir='ltr'>diotae,</span> <span class='ocrx_word' id='word_1_49' title='bbox 462 1110 669 1189; x_wconf 80' lang='lat' dir='ltr'>provocatum</span> <span class='ocrx_word' id='word_1_50' title='bbox 692 1109 754 1177; x_wconf 91' lang='lat' dir='ltr'>est,</span> <span class='ocrx_word' id='word_1_51' title='bbox 779 1109 893 1165; x_wconf 87' lang='lat' dir='ltr'>uetera.</span> <span class='ocrx_word' id='word_1_52' title='bbox 930 1098 1075 1178; x_wconf 79' lang='lat' dir='ltr'>Frustra,</span> <span class='ocrx_word' id='word_1_53' title='bbox 1100 1098 1245 1164; x_wconf 75' lang='lat' dir='ltr'>uicerunt</span> 
     </span>
     <span class='ocr_line' id='line_1_7' title="bbox 178 1210 1241 1303; baseline -0.004 -24"><span class='ocrx_word' id='word_1_54' title='bbox 178 1225 377 1303; x_wconf 85' lang='lat' dir='ltr'>quaestores,</span> <span class='ocrx_word' id='word_1_55' title='bbox 401 1224 434 1278; x_wconf 89' lang='lat' dir='ltr'>et</span> <span class='ocrx_word' id='word_1_56' title='bbox 454 1210 649 1301; x_wconf 84' lang='lat' dir='ltr'>stipendium</span> <span class='ocrx_word' id='word_1_57' title='bbox 670 1222 816 1277; x_wconf 82' lang='lat' dir='ltr'>exactum</span> <span class='ocrx_word' id='word_1_58' title='bbox 836 1222 883 1279; x_wconf 89' lang='lat' dir='ltr'>est</span> <span class='ocrx_word' id='word_1_59' title='bbox 901 1213 1045 1278; x_wconf 89' lang='lat' dir='ltr'>omnium</span> <span class='ocrx_word' id='word_1_60' title='bbox 1064 1232 1241 1291; x_wconf 83' lang='lat' dir='ltr'>annorum,</span> 
     </span>
     <span class='ocr_line' id='line_1_8' title="bbox 176 1326 779 1418; baseline -0.002 -25"><span class='ocrx_word' id='word_1_61' title='bbox 176 1349 235 1418; x_wconf 90' lang='lat' dir='ltr'>per</span> <span class='ocrx_word' id='word_1_62' title='bbox 257 1349 337 1417; x_wconf 89' lang='lat' dir='ltr'>quos</span> <span class='ocrx_word' id='word_1_63' title='bbox 360 1349 427 1393; x_wconf 91' lang='lat' dir='ltr'>uon</span> <span class='ocrx_word' id='word_1_64' title='bbox 450 1326 611 1393; x_wconf 76' lang='lat' dir='ltr'>solverant</span> <span class='ocrx_word' id='word_1_65' title='bbox 634 1347 779 1415; x_wconf 87' lang='lat' dir='ltr'>augures.</span> 
     </span>
    </p>
   </div>
   <div class='ocr_carea' id='block_1_3' title="bbox 509 1505 922 1593">
    <p class='ocr_par' dir='ltr' id='par_1_3' title="bbox 509 1505 922 1593">
     <span class='ocr_line' id='line_1_9' title="bbox 509 1505 922 1593; baseline 0.002 -21"><span class='ocrx_word' id='word_1_66' title='bbox 509 1510 527 1593; x_wconf 87' lang='lat'>§</span> <span class='ocrx_word' id='word_1_67' title='bbox 553 1512 584 1575; x_wconf 87' lang='lat'>4.</span> <span class='ocrx_word' id='word_1_68' title='bbox 630 1505 780 1572; x_wconf 82' lang='lat' dir='ltr'>Praetor</span> <span class='ocrx_word' id='word_1_69' title='bbox 805 1509 870 1571; x_wconf 87' lang='lat'>565</span> <span class='ocrx_word' id='word_1_70' title='bbox 898 1518 922 1573; x_wconf 88' lang='lat'>¹.</span> 
     </span>
    </p>
   </div>
   <div class='ocr_carea' id='block_1_4' title="bbox 178 1660 1259 4246">
    <p class='ocr_par' dir='ltr' id='par_1_4' title="bbox 178 1660 1248 2434">
     <span class='ocr_line' id='line_1_10' title="bbox 224 1660 1245 1754; baseline -0.003 -25"><span class='ocrx_word' id='word_1_71' title='bbox 224 1663 313 1731; x_wconf 88' lang='lat' dir='ltr'>Inter</span> <span class='ocrx_word' id='word_1_72' title='bbox 326 1674 489 1754; x_wconf 88' lang='lat' dir='ltr'>praetores</span> <span class='ocrx_word' id='word_1_73' title='bbox 505 1664 600 1730; x_wconf 91' lang='lat' dir='ltr'>huius</span> <span class='ocrx_word' id='word_1_74' title='bbox 613 1665 689 1730; x_wconf 85' lang='lat' dir='ltr'>anni</span> <span class='ocrx_word' id='word_1_75' title='bbox 700 1664 765 1729; x_wconf 90' lang='lat' dir='ltr'>duo</span> <span class='ocrx_word' id='word_1_76' title='bbox 777 1663 868 1732; x_wconf 82' lang='lat' dir='ltr'>Fabii</span> <span class='ocrx_word' id='word_1_77' title='bbox 880 1675 1066 1744; x_wconf 85' lang='lat' dir='ltr'>occurrunt,</span> <span class='ocrx_word' id='word_1_78' title='bbox 1079 1661 1117 1746; x_wconf 80' lang='lat' dir='ltr'>Q.</span> <span class='ocrx_word' id='word_1_79' title='bbox 1129 1660 1245 1731; x_wconf 82' lang='lat' dir='ltr'>Fabius</span> 
     </span>
     <span class='ocr_line' id='line_1_11' title="bbox 179 1776 1245 1868; baseline -0.007 -21"><span class='ocrx_word' id='word_1_80' title='bbox 179 1777 290 1847; x_wconf 84' lang='lat' dir='ltr'>Pictor</span> <span class='ocrx_word' id='word_1_81' title='bbox 317 1777 386 1868; x_wconf 80' lang='lat'>(40)</span> <span class='ocrx_word' id='word_1_82' title='bbox 414 1778 532 1843; x_wconf 85' lang='lat' dir='ltr'>flumen</span> <span class='ocrx_word' id='word_1_83' title='bbox 553 1777 741 1861; x_wconf 76' lang='lat' dir='ltr'>Quirinalis,</span> <span class='ocrx_word' id='word_1_84' title='bbox 764 1777 822 1867; x_wconf 92' lang='lat' dir='ltr'>qui</span> <span class='ocrx_word' id='word_1_85' title='bbox 841 1798 899 1842; x_wconf 91' lang='lat' dir='ltr'>cur</span> <span class='ocrx_word' id='word_1_86' title='bbox 916 1776 1168 1843; x_wconf 86' lang='lat' dir='ltr'>iurisdictionem</span> <span class='ocrx_word' id='word_1_87' title='bbox 1187 1798 1245 1867; x_wconf 89' lang='lat' dir='ltr'>pro</span> 
     </span>
     <span class='ocr_line' id='line_1_12' title="bbox 180 1889 1245 1982; baseline -0.006 -23"><span class='ocrx_word' id='word_1_88' title='bbox 180 1889 292 1959; x_wconf 84' lang='lat' dir='ltr'>Sicilia</span> <span class='ocrx_word' id='word_1_89' title='bbox 318 1891 500 1972; x_wconf 90' lang='lat' dir='ltr'>sortiretur,</span> <span class='ocrx_word' id='word_1_90' title='bbox 534 1900 666 1982; x_wconf 84' lang='lat' dir='ltr'>sopra²</span> <span class='ocrx_word' id='word_1_91' title='bbox 697 1890 849 1972; x_wconf 82' lang='lat' dir='ltr'>diximus,</span> <span class='ocrx_word' id='word_1_92' title='bbox 882 1903 913 1957; x_wconf 91' lang='lat' dir='ltr'>et</span> <span class='ocrx_word' id='word_1_93' title='bbox 941 1891 978 1974; x_wconf 80' lang='lat' dir='ltr'>Q.</span> <span class='ocrx_word' id='word_1_94' title='bbox 999 1890 1117 1956; x_wconf 90' lang='lat' dir='ltr'>Fabius</span> <span class='ocrx_word' id='word_1_95' title='bbox 1136 1889 1245 1954; x_wconf 85' lang='lat' dir='ltr'>Labeo</span> 
     </span>
     <span class='ocr_line' id='line_1_13' title="bbox 178 2004 1248 2095; baseline -0.004 -24"><span class='ocrx_word' id='word_1_96' title='bbox 178 2017 303 2086; x_wconf 89' lang='lat' dir='ltr'>noster,</span> <span class='ocrx_word' id='word_1_97' title='bbox 327 2004 383 2095; x_wconf 88' lang='lat' dir='ltr'>qui</span> <span class='ocrx_word' id='word_1_98' title='bbox 404 2005 533 2071; x_wconf 85' lang='lat' dir='ltr'>sortitus</span> <span class='ocrx_word' id='word_1_99' title='bbox 553 2017 599 2071; x_wconf 90' lang='lat' dir='ltr'>est</span> <span class='ocrx_word' id='word_1_100' title='bbox 621 2005 763 2070; x_wconf 90' lang='lat' dir='ltr'>classem.</span> <span class='ocrx_word' id='word_1_101' title='bbox 811 2004 908 2070; x_wconf 76' lang='lat' dir='ltr'>Venit</span> <span class='ocrx_word' id='word_1_102' title='bbox 928 2006 967 2070; x_wconf 89' lang='lat' dir='ltr'>ad</span> <span class='ocrx_word' id='word_1_103' title='bbox 988 2028 1058 2070; x_wconf 90' lang='lat' dir='ltr'>eam</span> <span class='ocrx_word' id='word_1_104' title='bbox 1080 2026 1144 2093; x_wconf 91' lang='lat' dir='ltr'>quo</span> <span class='ocrx_word' id='word_1_105' title='bbox 1164 2014 1248 2068; x_wconf 92' lang='lat' dir='ltr'>tem·</span> 
     </span>
     <span class='ocr_line' id='line_1_14' title="bbox 178 2115 1247 2208; baseline -0.007 -22"><span class='ocrx_word' id='word_1_106' title='bbox 178 2141 257 2208; x_wconf 85' lang='lat' dir='ltr'>pore</span> <span class='ocrx_word' id='word_1_107' title='bbox 281 2131 389 2184; x_wconf 83' lang='lat' dir='ltr'>ectum</span> <span class='ocrx_word' id='word_1_108' title='bbox 415 2130 482 2183; x_wconf 83' lang='lat' dir='ltr'>erat</span> <span class='ocrx_word' id='word_1_109' title='bbox 502 2117 542 2184; x_wconf 92' lang='lat' dir='ltr'>de</span> <span class='ocrx_word' id='word_1_110' title='bbox 561 2140 635 2208; x_wconf 88' lang='lat' dir='ltr'>rege</span> <span class='ocrx_word' id='word_1_111' title='bbox 655 2115 829 2196; x_wconf 79' lang='lat' dir='ltr'>Antiocho,</span> <span class='ocrx_word' id='word_1_112' title='bbox 855 2140 918 2207; x_wconf 93' lang='lat' dir='ltr'>quo</span> <span class='ocrx_word' id='word_1_113' title='bbox 937 2117 1063 2183; x_wconf 80' lang='lat' dir='ltr'>deuicto</span> <span class='ocrx_word' id='word_1_114' title='bbox 1083 2138 1171 2181; x_wconf 88' lang='lat' dir='ltr'>mare</span> <span class='ocrx_word' id='word_1_115' title='bbox 1189 2138 1247 2204; x_wconf 89' lang='lat' dir='ltr'>pa-</span> 
     </span>
     <span class='ocr_line' id='line_1_15' title="bbox 180 2228 1247 2321; baseline -0.006 -22"><span class='ocrx_word' id='word_1_116' title='bbox 180 2244 290 2302; x_wconf 82' lang='lat' dir='ltr'>catum</span> <span class='ocrx_word' id='word_1_117' title='bbox 316 2244 399 2311; x_wconf 75' lang='lat' dir='ltr'>erut,</span> <span class='ocrx_word' id='word_1_118' title='bbox 429 2254 504 2321; x_wconf 87' lang='lat' dir='ltr'>ergo</span> <span class='ocrx_word' id='word_1_119' title='bbox 526 2243 656 2321; x_wconf 87' lang='lat' dir='ltr'>praetor</span> <span class='ocrx_word' id='word_1_120' title='bbox 679 2229 718 2296; x_wconf 87' lang='lat' dir='ltr'>ad</span> <span class='ocrx_word' id='word_1_121' title='bbox 739 2230 801 2295; x_wconf 88' lang='lat' dir='ltr'>alia</span> <span class='ocrx_word' id='word_1_122' title='bbox 821 2231 891 2296; x_wconf 89' lang='lat' dir='ltr'>loca</span> <span class='ocrx_word' id='word_1_123' title='bbox 910 2253 944 2296; x_wconf 87' lang='lat' dir='ltr'>se</span> <span class='ocrx_word' id='word_1_124' title='bbox 965 2230 1079 2308; x_wconf 77' lang='lat' dir='ltr'>vertit,</span> <span class='ocrx_word' id='word_1_125' title='bbox 1102 2251 1142 2294; x_wconf 88' lang='lat' dir='ltr'>ne</span> <span class='ocrx_word' id='word_1_126' title='bbox 1164 2228 1247 2293; x_wconf 92' lang='lat' dir='ltr'>otio·</span> 
     </span>
     <span class='ocr_line' id='line_1_16' title="bbox 180 2344 630 2434; baseline -0.002 -23"><span class='ocrx_word' id='word_1_127' title='bbox 180 2369 247 2411; x_wconf 84' lang='lat' dir='ltr'>sam</span> <span class='ocrx_word' id='word_1_128' title='bbox 269 2344 400 2412; x_wconf 82' lang='lat' dir='ltr'>haberet</span> <span class='ocrx_word' id='word_1_129' title='bbox 420 2345 630 2434; x_wconf 84' lang='lat' dir='ltr'>provinciam.</span> 
     </span>
    </p>

    <p class='ocr_par' dir='ltr' id='par_1_5' title="bbox 181 2453 1254 3678">
     <span class='ocr_line' id='line_1_17' title="bbox 231 2453 1250 2545; baseline -0.006 -22"><span class='ocrx_word' id='word_1_130' title='bbox 231 2456 367 2523; x_wconf 89' lang='lat' dir='ltr'>Traiecit</span> <span class='ocrx_word' id='word_1_131' title='bbox 386 2456 419 2521; x_wconf 92' lang='lat' dir='ltr'>in</span> <span class='ocrx_word' id='word_1_132' title='bbox 440 2456 579 2521; x_wconf 87' lang='lat' dir='ltr'>insulam</span> <span class='ocrx_word' id='word_1_133' title='bbox 599 2453 741 2535; x_wconf 80' lang='lat' dir='ltr'>Cretam,</span> <span class='ocrx_word' id='word_1_134' title='bbox 757 2454 814 2519; x_wconf 95' lang='lat' dir='ltr'>ubi</span> <span class='ocrx_word' id='word_1_135' title='bbox 829 2453 924 2519; x_wconf 89' lang='lat' dir='ltr'>multi</span> <span class='ocrx_word' id='word_1_136' title='bbox 938 2454 1155 2519; x_wconf 88' lang='lat' dir='ltr'>Romanorum</span> <span class='ocrx_word' id='word_1_137' title='bbox 1172 2475 1250 2545; x_wconf 88' lang='lat' dir='ltr'>cap-</span> 
     </span>
     <span class='ocr_line' id='line_1_18' title="bbox 182 2564 1250 2655; baseline -0.006 -18"><span class='ocrx_word' id='word_1_138' title='bbox 182 2570 243 2638; x_wconf 77' lang='lat' dir='ltr'>tiri</span> <span class='ocrx_word' id='word_1_139' title='bbox 264 2570 297 2636; x_wconf 89' lang='lat' dir='ltr'>in</span> <span class='ocrx_word' id='word_1_140' title='bbox 317 2570 467 2636; x_wconf 79' lang='lat' dir='ltr'>servitute</span> <span class='ocrx_word' id='word_1_141' title='bbox 488 2569 621 2634; x_wconf 88' lang='lat' dir='ltr'>retineri</span> <span class='ocrx_word' id='word_1_142' title='bbox 640 2568 845 2647; x_wconf 89' lang='lat' dir='ltr'>dicebantur,</span> <span class='ocrx_word' id='word_1_143' title='bbox 870 2578 903 2632; x_wconf 93' lang='lat' dir='ltr'>et</span> <span class='ocrx_word' id='word_1_144' title='bbox 922 2566 997 2645; x_wconf 92' lang='lat' dir='ltr'>ubi,</span> <span class='ocrx_word' id='word_1_145' title='bbox 1021 2564 1106 2655; x_wconf 90' lang='lat' dir='ltr'>quod</span> <span class='ocrx_word' id='word_1_146' title='bbox 1126 2588 1184 2654; x_wconf 89' lang='lat' dir='ltr'>per</span> <span class='ocrx_word' id='word_1_147' title='bbox 1199 2577 1250 2631; x_wconf 92' lang='lat' dir='ltr'>to·</span> 
     </span>
     <span class='ocr_line' id='line_1_19' title="bbox 182 2680 1252 2770; baseline -0.004 -20"><span class='ocrx_word' id='word_1_148' title='bbox 182 2695 251 2750; x_wconf 77' lang='lat' dir='ltr'>tom</span> <span class='ocrx_word' id='word_1_149' title='bbox 271 2683 336 2749; x_wconf 89' lang='lat' dir='ltr'>lere</span> <span class='ocrx_word' id='word_1_150' title='bbox 355 2681 521 2748; x_wconf 88' lang='lat' dir='ltr'>historiam</span> <span class='ocrx_word' id='word_1_151' title='bbox 540 2681 672 2761; x_wconf 88' lang='lat' dir='ltr'>accidit,</span> <span class='ocrx_word' id='word_1_152' title='bbox 697 2681 783 2746; x_wconf 91' lang='lat' dir='ltr'>bella</span> <span class='ocrx_word' id='word_1_153' title='bbox 798 2681 882 2747; x_wconf 89' lang='lat' dir='ltr'>iuter</span> <span class='ocrx_word' id='word_1_154' title='bbox 897 2703 930 2746; x_wconf 90' lang='lat' dir='ltr'>se</span> <span class='ocrx_word' id='word_1_155' title='bbox 945 2680 1097 2770; x_wconf 77' lang='lat' dir='ltr'>gerebant</span> <span class='ocrx_word' id='word_1_156' title='bbox 1111 2681 1252 2746; x_wconf 90' lang='lat' dir='ltr'>minores</span> 
     </span>
     <span class='ocr_line' id='line_1_20' title="bbox 181 2791 1253 2886; baseline -0.004 -24"><span class='ocrx_word' id='word_1_157' title='bbox 181 2799 264 2862; x_wconf 90' lang='lat' dir='ltr'>istae</span> <span class='ocrx_word' id='word_1_158' title='bbox 291 2796 434 2862; x_wconf 83' lang='lat' dir='ltr'>civitates</span> <span class='ocrx_word' id='word_1_159' title='bbox 463 2796 503 2861; x_wconf 92' lang='lat' dir='ltr'>de</span> <span class='ocrx_word' id='word_1_160' title='bbox 528 2795 710 2886; x_wconf 88' lang='lat' dir='ltr'>principatu</span> <span class='ocrx_word' id='word_1_161' title='bbox 739 2805 905 2860; x_wconf 78' lang='lat' dir='ltr'>certantes.</span> <span class='ocrx_word' id='word_1_162' title='bbox 963 2791 1106 2858; x_wconf 83' lang='lat' dir='ltr'>Siehuc</span> <span class='ocrx_word' id='word_1_163' title='bbox 1132 2805 1253 2858; x_wconf 62' lang='lat' dir='ltr'>annot</span> 
     </span>
     <span class='ocr_line' id='line_1_21' title="bbox 186 2903 1253 3000; baseline -0.005 -24"><span class='ocrx_word' id='word_1_164' title='bbox 186 2910 334 2999; x_wconf 77' lang='lat' dir='ltr'>Gortynii</span> <span class='ocrx_word' id='word_1_165' title='bbox 356 2909 544 3000; x_wconf 85' lang='lat' dir='ltr'>Cnossiique</span> <span class='ocrx_word' id='word_1_166' title='bbox 563 2909 686 2974; x_wconf 89' lang='lat' dir='ltr'>bellurn</span> <span class='ocrx_word' id='word_1_167' title='bbox 705 2909 857 2998; x_wconf 88' lang='lat' dir='ltr'>gerebant</span> <span class='ocrx_word' id='word_1_168' title='bbox 876 2905 1025 2971; x_wconf 83' lang='lat' dir='ltr'>adversus</span> <span class='ocrx_word' id='word_1_169' title='bbox 1046 2903 1253 2995; x_wconf 79' lang='lat' dir='ltr'>Cydoniutes3</span> 
     </span>
     <span class='ocr_line' id='line_1_22' title="bbox 183 3018 1252 3113; baseline -0.006 -23"><span class='ocrx_word' id='word_1_170' title='bbox 183 3024 304 3090; x_wconf 88' lang='lat' dir='ltr'>Fabius</span> <span class='ocrx_word' id='word_1_171' title='bbox 325 3023 450 3113; x_wconf 82' lang='lat' dir='ltr'>Epheso</span> <span class='ocrx_word' id='word_1_172' title='bbox 468 3024 630 3113; x_wconf 84' lang='lat' dir='ltr'>proiectus</span> <span class='ocrx_word' id='word_1_173' title='bbox 651 3021 765 3088; x_wconf 81' lang='lat' dir='ltr'>Cretae</span> <span class='ocrx_word' id='word_1_174' title='bbox 782 3021 921 3111; x_wconf 87' lang='lat' dir='ltr'>appulit,</span> <span class='ocrx_word' id='word_1_175' title='bbox 940 3018 1133 3109; x_wconf 86' lang='lat' dir='ltr'>nuntiosque</span> <span class='ocrx_word' id='word_1_176' title='bbox 1149 3019 1252 3098; x_wconf 91' lang='lat' dir='ltr'>misit,</span> 
     </span>
     <span class='ocr_line' id='line_1_23' title="bbox 184 3132 1254 3230; baseline -0.006 -27"><span class='ocrx_word' id='word_1_177' title='bbox 184 3140 245 3230; x_wconf 90' lang='lat' dir='ltr'>qui</span> <span class='ocrx_word' id='word_1_178' title='bbox 273 3137 422 3203; x_wconf 87' lang='lat' dir='ltr'>iuberent</span> <span class='ocrx_word' id='word_1_179' title='bbox 449 3136 612 3203; x_wconf 81' lang='lat' dir='ltr'>Cretenses</span> <span class='ocrx_word' id='word_1_180' title='bbox 636 3136 730 3201; x_wconf 88' lang='lat' dir='ltr'>armis</span> <span class='ocrx_word' id='word_1_181' title='bbox 750 3135 910 3201; x_wconf 88' lang='lat' dir='ltr'>abstinere</span> <span class='ocrx_word' id='word_1_182' title='bbox 929 3134 1135 3223; x_wconf 82' lang='lat' dir='ltr'>captivosque</span> <span class='ocrx_word' id='word_1_183' title='bbox 1154 3132 1254 3197; x_wconf 89' lang='lat' dir='ltr'>redu·</span> 
     </span>
     <span class='ocr_line' id='line_1_24' title="bbox 184 3244 1253 3341; baseline -0.009 -23"><span class='ocrx_word' id='word_1_184' title='bbox 184 3274 260 3319; x_wconf 89' lang='lat' dir='ltr'>cere</span> <span class='ocrx_word' id='word_1_185' title='bbox 292 3264 324 3317; x_wconf 93' lang='lat' dir='ltr'>et</span> <span class='ocrx_word' id='word_1_186' title='bbox 354 3251 474 3341; x_wconf 84' lang='lat' dir='ltr'>legatos</span> <span class='ocrx_word' id='word_1_187' title='bbox 503 3251 543 3316; x_wconf 88' lang='lat' dir='ltr'>ad</span> <span class='ocrx_word' id='word_1_188' title='bbox 572 3273 605 3315; x_wconf 89' lang='lat' dir='ltr'>sc</span> <span class='ocrx_word' id='word_1_189' title='bbox 634 3250 775 3328; x_wconf 88' lang='lat' dir='ltr'>mittere,</span> <span class='ocrx_word' id='word_1_190' title='bbox 800 3271 875 3313; x_wconf 91' lang='lat' dir='ltr'>cum</span> <span class='ocrx_word' id='word_1_191' title='bbox 897 3245 1014 3337; x_wconf 93' lang='lat' dir='ltr'>quibus</span> <span class='ocrx_word' id='word_1_192' title='bbox 1035 3245 1075 3309; x_wconf 94' lang='lat' dir='ltr'>de</span> <span class='ocrx_word' id='word_1_193' title='bbox 1096 3244 1253 3315; x_wconf 88' lang='lat' dir='ltr'>rebusad</span> 
     </span>
     <span class='ocr_line' id='line_1_25' title="bbox 184 3355 1254 3455; baseline -0.009 -25"><span class='ocrx_word' id='word_1_194' title='bbox 184 3363 355 3431; x_wconf 88' lang='lat' dir='ltr'>Cretenses</span> <span class='ocrx_word' id='word_1_195' title='bbox 380 3364 499 3455; x_wconf 87' lang='lat' dir='ltr'>pariter</span> <span class='ocrx_word' id='word_1_196' title='bbox 523 3363 749 3453; x_wconf 89' lang='lat' dir='ltr'>Romanosque</span> <span class='ocrx_word' id='word_1_197' title='bbox 767 3359 1002 3451; x_wconf 89' lang='lat' dir='ltr'>pertinentibus</span> <span class='ocrx_word' id='word_1_198' title='bbox 1021 3370 1138 3448; x_wconf 91' lang='lat' dir='ltr'>ageret.</span> <span class='ocrx_word' id='word_1_199' title='bbox 1186 3355 1254 3421; x_wconf 88' lang='lat' dir='ltr'>lm·</span> 
     </span>
     <span class='ocr_line' id='line_1_26' title="bbox 183 3470 1254 3570; baseline -0.008 -28"><span class='ocrx_word' id='word_1_200' title='bbox 183 3478 316 3570; x_wconf 84' lang='lat' dir='ltr'>perium</span> <span class='ocrx_word' id='word_1_201' title='bbox 336 3476 420 3543; x_wconf 88' lang='lat' dir='ltr'>istud</span> <span class='ocrx_word' id='word_1_202' title='bbox 443 3475 610 3542; x_wconf 89' lang='lat' dir='ltr'>Cretenses</span> <span class='ocrx_word' id='word_1_203' title='bbox 631 3475 678 3541; x_wconf 87' lang='lat' dir='ltr'>nil</span> <span class='ocrx_word' id='word_1_204' title='bbox 699 3474 876 3565; x_wconf 86' lang='lat' dir='ltr'>quidquam</span> <span class='ocrx_word' id='word_1_205' title='bbox 895 3473 1011 3552; x_wconf 86' lang='lat' dir='ltr'>morit,</span> <span class='ocrx_word' id='word_1_206' title='bbox 1030 3472 1089 3536; x_wconf 91' lang='lat' dir='ltr'>soli</span> <span class='ocrx_word' id='word_1_207' title='bbox 1106 3470 1254 3558; x_wconf 69' lang='lat' dir='ltr'>Gortynii</span> 
     </span>
     <span class='ocr_line' id='line_1_27' title="bbox 184 3589 524 3678; baseline 0 -24"><span class='ocrx_word' id='word_1_208' title='bbox 184 3590 344 3678; x_wconf 89' lang='lat' dir='ltr'>imperata</span> <span class='ocrx_word' id='word_1_209' title='bbox 367 3589 524 3654; x_wconf 83' lang='lat' dir='ltr'>lecerunt.</span> 
     </span>
    </p>

    <p class='ocr_par' dir='ltr' id='par_1_6' title="bbox 187 3695 1259 4246">
     <span class='ocr_line' id='line_1_28' title="bbox 237 3695 1255 3788; baseline -0.007 -21"><span class='ocrx_word' id='word_1_210' title='bbox 237 3701 346 3767; x_wconf 88' lang='lat' dir='ltr'>Rebus</span> <span class='ocrx_word' id='word_1_211' title='bbox 374 3700 408 3765; x_wconf 92' lang='lat' dir='ltr'>in</span> <span class='ocrx_word' id='word_1_212' title='bbox 438 3698 530 3767; x_wconf 86' lang='lat' dir='ltr'>Creta</span> <span class='ocrx_word' id='word_1_213' title='bbox 559 3700 713 3766; x_wconf 86' lang='lat' dir='ltr'>conlectis</span> <span class='ocrx_word' id='word_1_214' title='bbox 742 3697 905 3788; x_wconf 83' lang='lat' dir='ltr'>Ephesum</span> <span class='ocrx_word' id='word_1_215' title='bbox 934 3695 1048 3776; x_wconf 90' lang='lat' dir='ltr'>rediit,</span> <span class='ocrx_word' id='word_1_216' title='bbox 1078 3707 1147 3761; x_wconf 90' lang='lat' dir='ltr'>tum</span> <span class='ocrx_word' id='word_1_217' title='bbox 1167 3695 1255 3760; x_wconf 91' lang='lat' dir='ltr'>iussu</span> 
     </span>
     <span class='ocr_line' id='line_1_29' title="bbox 187 3808 1256 3900; baseline -0.007 -20"><span class='ocrx_word' id='word_1_218' title='bbox 187 3813 304 3882; x_wconf 81' lang='lat' dir='ltr'>Manlii</span> <span class='ocrx_word' id='word_1_219' title='bbox 335 3825 397 3879; x_wconf 91' lang='lat' dir='ltr'>tres</span> <span class='ocrx_word' id='word_1_220' title='bbox 427 3836 521 3879; x_wconf 87' lang='lat' dir='ltr'>nares</span> <span class='ocrx_word' id='word_1_221' title='bbox 550 3814 584 3878; x_wconf 89' lang='lat' dir='ltr'>in</span> <span class='ocrx_word' id='word_1_222' title='bbox 614 3811 780 3878; x_wconf 85' lang='lat' dir='ltr'>Thraciam</span> <span class='ocrx_word' id='word_1_223' title='bbox 810 3811 913 3890; x_wconf 89' lang='lat' dir='ltr'>misit,</span> <span class='ocrx_word' id='word_1_224' title='bbox 949 3810 1066 3900; x_wconf 89' lang='lat' dir='ltr'>quibus</span> <span class='ocrx_word' id='word_1_225' title='bbox 1099 3808 1256 3899; x_wconf 82' lang='lat' dir='ltr'>praesidia</span> 
     </span>
     <span class='ocr_line' id='line_1_30' title="bbox 192 3925 1259 4014; baseline -0.006 -20"><span class='ocrx_word' id='word_1_226' title='bbox 192 3925 345 3994; x_wconf 75' lang='lat' dir='ltr'>Antiochi</span> <span class='ocrx_word' id='word_1_227' title='bbox 375 3926 611 3995; x_wconf 88' lang='lat' dir='ltr'>deducerentur</span> <span class='ocrx_word' id='word_1_228' title='bbox 639 3925 679 3992; x_wconf 82' lang='lat' dir='ltr'>ub</span> <span class='ocrx_word' id='word_1_229' title='bbox 709 3926 798 3991; x_wconf 91' lang='lat' dir='ltr'>Aeno</span> <span class='ocrx_word' id='word_1_230' title='bbox 823 3938 855 3991; x_wconf 90' lang='lat' dir='ltr'>et</span> <span class='ocrx_word' id='word_1_231' title='bbox 878 3925 1044 4004; x_wconf 84' lang='lat' dir='ltr'>Maronea,</span> <span class='ocrx_word' id='word_1_232' title='bbox 1071 3946 1153 4014; x_wconf 89' lang='lat' dir='ltr'>quae</span> <span class='ocrx_word' id='word_1_233' title='bbox 1177 3925 1259 3989; x_wconf 85' lang='lat' dir='ltr'>ciri-</span> 
     </span>
     <span class='ocr_line' id='line_1_31' title="bbox 189 4037 1256 4128; baseline -0.006 -21"><span class='ocrx_word' id='word_1_234' title='bbox 189 4052 273 4108; x_wconf 87' lang='lat' dir='ltr'>tates</span> <span class='ocrx_word' id='word_1_235' title='bbox 305 4040 460 4106; x_wconf 84' lang='lat' dir='ltr'>desierant</span> <span class='ocrx_word' id='word_1_236' title='bbox 494 4039 655 4107; x_wconf 80' lang='lat' dir='ltr'>Antiocho</span> <span class='ocrx_word' id='word_1_237' title='bbox 690 4039 861 4128; x_wconf 70' lang='lat' dir='ltr'>vectigales</span> <span class='ocrx_word' id='word_1_238' title='bbox 895 4061 976 4117; x_wconf 88' lang='lat' dir='ltr'>esse,</span> <span class='ocrx_word' id='word_1_239' title='bbox 1010 4038 1092 4102; x_wconf 88' lang='lat' dir='ltr'>siout</span> <span class='ocrx_word' id='word_1_240' title='bbox 1120 4037 1152 4102; x_wconf 91' lang='lat' dir='ltr'>in</span> <span class='ocrx_word' id='word_1_241' title='bbox 1184 4037 1256 4102; x_wconf 83' lang='lat' dir='ltr'>foe-</span> 
     </span>
     <span class='ocr_line' id='line_1_32' title="bbox 190 4150 1253 4246; baseline -0.005 -23"><span class='ocrx_word' id='word_1_242' title='bbox 190 4155 268 4223; x_wconf 89' lang='lat' dir='ltr'>dere</span> <span class='ocrx_word' id='word_1_243' title='bbox 286 4155 439 4246; x_wconf 85' lang='lat' dir='ltr'>seriptum</span> <span class='ocrx_word' id='word_1_244' title='bbox 466 4167 532 4220; x_wconf 87' lang='lat' dir='ltr'>erat</span> <span class='ocrx_word' id='word_1_245' title='bbox 554 4162 583 4235; x_wconf 72' lang='lat'>⁴,</span> <span class='ocrx_word' id='word_1_246' title='bbox 615 4156 734 4245; x_wconf 89' lang='lat' dir='ltr'>quippe</span> <span class='ocrx_word' id='word_1_247' title='bbox 753 4175 835 4243; x_wconf 92' lang='lat' dir='ltr'>quae</span> <span class='ocrx_word' id='word_1_248' title='bbox 854 4151 974 4219; x_wconf 90' lang='lat' dir='ltr'>liberae</span> <span class='ocrx_word' id='word_1_249' title='bbox 995 4151 1097 4218; x_wconf 85' lang='lat' dir='ltr'>lectae</span> <span class='ocrx_word' id='word_1_250' title='bbox 1122 4150 1253 4218; x_wconf 83' lang='lat' dir='ltr'>scilicet.</span> 
     </span>
    </p>
   </div>
   <div class='ocr_carea' id='block_1_5' title="bbox 180 4356 1268 4596">
    <p class='ocr_par' dir='ltr' id='par_1_7' title="bbox 180 4356 1268 4596">
     <span class='ocr_line' id='line_1_33' title="bbox 222 4356 1258 4439; baseline -0.004 -30"><span class='ocrx_word' id='word_1_251' title='bbox 222 4358 243 4439; x_wconf 67' lang='lat' dir='ltr'>t)</span> <span class='ocrx_word' id='word_1_252' title='bbox 260 4359 350 4424; x_wconf 68' lang='lat' dir='ltr'>nous.</span> <span class='ocrx_word' id='word_1_253' title='bbox 368 4358 459 4409; x_wconf 82' lang='lat' dir='ltr'>xxrr.</span> <span class='ocrx_word' id='word_1_254' title='bbox 476 4363 508 4407; x_wconf 75' lang='lat' dir='ltr'>ss</span> <span class='ocrx_word' id='word_1_255' title='bbox 526 4358 539 4422; x_wconf 74' lang='lat' dir='ltr'>u</span> <span class='ocrx_word' id='word_1_256' title='bbox 557 4364 604 4418; x_wconf 61' lang='lat' dir='ltr'>so,</span> <span class='ocrx_word' id='word_1_257' title='bbox 631 4359 688 4408; x_wconf 77' lang='lat' dir='ltr'>nu.</span> <span class='ocrx_word' id='word_1_258' title='bbox 707 4359 857 4419; x_wconf 81' lang='lat' dir='ltr'>xxxvrr,</span> <span class='ocrx_word' id='word_1_259' title='bbox 874 4359 922 4419; x_wconf 80' lang='lat'>47,</span> <span class='ocrx_word' id='word_1_260' title='bbox 950 4363 997 4419; x_wconf 82' lang='lat' dir='ltr'>so,</span> <span class='ocrx_word' id='word_1_261' title='bbox 1025 4362 1072 4419; x_wconf 84' lang='lat' dir='ltr'>so,</span> <span class='ocrx_word' id='word_1_262' title='bbox 1099 4356 1258 4408; x_wconf 85' lang='lat' dir='ltr'>xxxvrrr.</span> 
     </span>
     <span class='ocr_line' id='line_1_34' title="bbox 182 4438 1261 4509; baseline -0.006 -13"><span class='ocrx_word' id='word_1_263' title='bbox 182 4438 596 4505; x_wconf 73' lang='lat' dir='ltr'>39‘‚ar;va1.Ma.x.vl1.e.4.</span> <span class='ocrx_word' id='word_1_264' title='bbox 648 4440 669 4509; x_wconf 64' lang='grc' dir='ltr'><em>η</em></span> <span class='ocrx_word' id='word_1_265' title='bbox 687 4443 726 4494; x_wconf 86' lang='lat' dir='ltr'>cf.</span> <span class='ocrx_word' id='word_1_266' title='bbox 740 4444 841 4497; x_wconf 70' lang='lat' dir='ltr'>ntur.</span> <span class='ocrx_word' id='word_1_267' title='bbox 856 4442 1005 4509; x_wconf 54' lang='lat' dir='ltr'>(tapsus,</span> <span class='ocrx_word' id='word_1_268' title='bbox 1019 4459 1043 4509; x_wconf 82' lang='lat' dir='ltr'>p.</span> <span class='ocrx_word' id='word_1_269' title='bbox 1054 4448 1112 4494; x_wconf 85' lang='lat'><strong>200.</strong></span> <span class='ocrx_word' id='word_1_270' title='bbox 1165 4439 1186 4509; x_wconf 71' lang='lat'>⁵)</span> <span class='ocrx_word' id='word_1_271' title='bbox 1203 4441 1261 4492; x_wconf 80' lang='lat' dir='ltr'>nu.</span> 
     </span>
     <span class='ocr_line' id='line_1_35' title="bbox 180 4525 1268 4596; baseline -0.005 -15"><span class='ocrx_word' id='word_1_272' title='bbox 180 4528 333 4584; x_wconf 69' lang='grc' dir='ltr'><strong>ΧΧΧἮΙ.</strong></span> <span class='ocrx_word' id='word_1_273' title='bbox 352 4532 394 4579; x_wconf 88' lang='lat' dir='ltr'>so.</span> <span class='ocrx_word' id='word_1_274' title='bbox 447 4525 468 4596; x_wconf 69' lang='lat'>⁴)</span> <span class='ocrx_word' id='word_1_275' title='bbox 485 4528 541 4582; x_wconf 78' lang='lat' dir='ltr'>nu.</span> <span class='ocrx_word' id='word_1_276' title='bbox 559 4527 705 4580; x_wconf 83' lang='lat' dir='ltr'>xxxvu.</span> <span class='ocrx_word' id='word_1_277' title='bbox 726 4533 767 4579; x_wconf 81' lang='lat' dir='ltr'>ss.</span> <span class='ocrx_word' id='word_1_278' title='bbox 1266 4542 1268 4547; x_wconf 58' lang='lat'>&gt;</span> 
     </span>
    </p>
   </div>
   <div class='ocr_carea' id='block_1_6' title="bbox 0 0 1625 5300">
    <p class='ocr_par' dir='ltr' id='par_1_8' title="bbox 0 0 1625 5300">
     <span class='ocr_line' id='line_1_36' title="bbox 0 0 1625 5300; baseline 0 0"><span class='ocrx_word' id='word_1_279' title='bbox 0 0 1625 5300; x_wconf 95' lang='lat' dir='ltr'> </span> 
     </span>
    </p>
   </div>
  </div>
 </body>
</html>
