3212 5294
344 453 402 516 18ss
595 468 622 518 o.
644 464 747 509 ramus
767 465 885 522 rrcroa,
909 465 1077 510 ursronrcus
1097 449 1173 532 (36).

438 644 517 712 Olus
539 644 635 710 luerit
654 643 758 722 filius,
781 644 883 733 gentis
902 656 934 710 et
957 643 1094 710 nationis
1110 643 1218 722 cuius,
1243 656 1278 710 ut
1294 668 1312 709 a
1329 643 1410 712 Ger·

432 759 519 825 mani
539 758 670 823 servulis
691 759 753 822 rita
774 756 871 823 luerit
889 757 1043 848 spoliatus
1060 769 1091 823 et
1108 757 1247 837 lumine;
1270 757 1348 848 quid
1366 758 1406 826 de

434 872 497 938 suis
524 871 748 937 commeruerit
768 871 908 950 civibus,
933 883 968 936 ut
988 872 1018 935 ei
1045 870 1085 936 sit
1106 871 1261 961 abnegata
1282 871 1407 939 telluris

434 984 554 1076 patriae
576 985 749 1075 sepultura.
799 982 996 1051 condiscetis
1020 984 1133 1063 etiam,
1158 985 1300 1074 quamvis
1319 986 1408 1052 nolle

435 1097 519 1166 istud
547 1097 713 1187 publicare
740 1121 773 1164 se
802 1098 939 1188 lingant,
972 1097 1049 1188 quid
1080 1098 1120 1163 sit
1148 1098 1253 1188 eapite
1282 1109 1406 1164 resecto

433 1210 573 1289 factum,
605 1209 656 1275 rel
686 1210 720 1275 in
740 1220 832 1300 parte
854 1232 916 1301 qua
938 1211 984 1276 rei
1006 1211 1128 1300 (areae,
1148 1209 1259 1294 Roth.)
1283 1211 1408 1277 curiosa

434 1324 531 1390 fuerit
559 1323 752 1389 obscuritate
778 1323 979 1402 conclusum;
1005 1335 1040 1389 nt
1065 1322 1237 1389 immobilis
1258 1323 1409 1391 ridelicet

433 1450 531 1528 atque
550 1437 611 1503 lira
632 1437 790 1527 obsignati
809 1437 923 1503 ominis
943 1436 1140 1526 perpetuitas
1158 1448 1254 1502 staret
1275 1450 1302 1505 ¹.

387 1551 529 1616 Pertinet
545 1549 599 1615 bic
617 1548 707 1614 locus
728 1546 766 1614 ad
789 1548 966 1628 historiam,
989 1573 1031 1615 ne
1051 1549 1156 1616 dicam
1175 1550 1345 1627 fabellam,
1367 1550 1409 1619 de

342 1664 482 1730 humano
503 1663 623 1754 capite,
649 1663 733 1752 quod
761 1663 801 1727 ab
821 1663 1038 1752 aperientibus
1060 1663 1270 1729 fundamenta
1297 1665 1411 1754 templi

339 1778 421 1844 lovis
441 1774 614 1866 Capitolini
633 1775 797 1841 inventum
815 1787 876 1852 est,
894 1772 1046 1865 Capitolii
1059 1775 1313 1864 magnitudinem
1332 1799 1411 1866 por·

341 1890 485 1957 tendens.
534 1888 707 1955 Historiola
737 1901 811 1953 nata
842 1911 908 1954 esse
933 1887 1059 1955 videtur
1084 1888 1169 1979 apud
1194 1887 1411 1979 antiquarios,

342 2016 377 2069 ut
410 2025 527 2069 nornen
560 2001 773 2092 explicaretur
808 1998 988 2092 Capitolii,
1020 2001 1187 2068 inventurn
1215 2003 1412 2093 scripserunt

340 2125 441 2207 capnt
457 2113 516 2181 Oli
530 2115 714 2193 cuiusdam,
738 2137 801 2179 nou
823 2126 930 2180 autem
955 2114 1045 2194 Tali,
1069 2127 1104 2179 ut
1124 2125 1216 2180 antea
1237 2114 1412 2195 edebatur,

341 2252 408 2297 rem
429 2229 559 2294 conticit
581 2227 773 2317 etymologia
792 2239 824 2292 et
844 2226 970 2293 codices
991 2226 1094 2293 Servii
1116 2241 1148 2306 2;
1172 2251 1235 2293 non
1257 2228 1414 2295 assentior

340 2342 438 2431 igitur
455 2339 575 2407 Rothio
593 2360 653 2405 nec
670 2338 846 2418 Harlessio,
871 2342 927 2429 qui
943 2338 1021 2404 dant
1039 2340 1159 2407 Aulus.
1206 2339 1283 2406 Noli
1301 2352 1410 2407 tamen

341 2454 481 2519 multum
511 2451 586 2517 huic
616 2452 795 2542 fragmento
826 2451 986 2532 tribuere,
1014 2452 1040 2516 si
1061 2451 1147 2517 enim
1166 2452 1250 2542 apud
1273 2453 1412 2520 Ilabinm

341 2566 404 2633 hoc
423 2566 550 2656 legisset
574 2564 750 2644 brnobius,
774 2587 832 2631 eur
852 2589 870 2631 a
890 2564 1067 2653 Dionysio³
1089 2579 1120 2631 et
1142 2565 1258 2631 Liriot
1282 2579 1314 2633 et
1333 2568 1413 2634 Plu-

341 2680 471 2758 tarcho,
504 2678 560 2769 qni
589 2691 775 2768 portentum
805 2677 888 2743 illud
918 2678 1092 2769 attigerunt
1123 2680 1325 2769 Fabiumque
1353 2680 1413 2749 de·

341 2794 553 2882 scripserunt,
574 2792 723 2856 omissum
743 2803 824 2857 esset
836 2813 953 2856 nomen
964 2792 1047 2870 eius,
1066 2816 1084 2857 a
1099 2792 1190 2858 euius
1206 2794 1311 2883 capite
1328 2804 1414 2860 torn·

341 2906 434 2998 plom
458 2904 618 2970 diceretur
643 2903 781 2984 scilicet,
810 2903 888 2969 hine
907 2904 1048 2994 suspicor
1071 2904 1157 2995 apud
1177 2905 1314 2971 Fabium
1333 2930 1412 2973 nos·

342 3032 427 3084 trum
457 3041 522 3083 non
551 3016 632 3082 illud
662 3016 775 3107 legisse
805 3017 1004 3097 Arnobinm,
1035 3019 1091 3108 qui
1116 3042 1154 3084 ex
1173 3019 1327 3085 memoria
1348 3018 1414 3086 hoe

342 3152 461 3196 nomen
490 3128 677 3209 addidisset;
705 3131 768 3196 olet
789 3130 876 3195 enim
895 3130 1088 3220 etymologia
1107 3131 1164 3198 ista
1186 3132 1413 3221 grammaticos

341 3243 434 3310 Fabii
461 3255 565 3310 aetate
596 3243 690 3333 longe
719 3244 927 3323 recentiorem
960 3266 1066 3334 neque
1097 3267 1134 3310 er
1164 3245 1293 3324 ceteris,
1329 3269 1414 3337 quos

342 3357 474 3424 adducit
513 3358 569 3424 ille
603 3369 716 3437 testes,
751 3358 869 3424 confici
906 3358 1040 3447 poterit,
1079 3380 1120 3421 an
1149 3356 1248 3424 alium
1278 3357 1415 3427 fortasse

340 3471 479 3537 Fabium
510 3470 571 3536 sibi
602 3470 758 3549 voluerit,
790 3470 842 3536 vel
871 3470 897 3534 si
926 3492 998 3535 cum
1028 3470 1129 3559 glossa
1158 3471 1327 3560 marginali
1350 3497 1414 3564 pro

343 3584 557 3650 Valerianus
581 3583 695 3673 legeris
716 3584 756 3649 V
751 3586 881 3649 claraus
900 3583 1046 3662 Antias,
1069 3594 1104 3647 ut
1123 3583 1334 3673 probabiliter
1354 3585 1417 3652 de·

341 3696 445 3764 fendit
473 3696 660 3765 Harlessius.
712 3697 860 3763 Iudicent
885 3696 1068 3787 peritiores,
1102 3719 1142 3761 an
1178 3697 1280 3788 accipi
1311 3701 1417 3789 possit

341 3810 479 3901 suspicio
511 3809 691 3895 Arnobium
720 3812 781 3877 sibi
809 3809 946 3876 voluisse
975 3809 1111 3877 Ilabium
1138 3808 1417 3893 Quinctilianum,

342 3924 465 4016 quippe
502 3923 558 4014 qui
595 3922 690 3990 docet
719 3936 732 3974 ὅ
767 3922 953 4015 appellandi
985 3921 1138 3988 rationem
1172 3925 1339 3991 nominum
1382 3939 1418 3992 et

342 4038 489 4104 locorum
514 4060 551 4103 er
576 4037 779 4104 historiarum
799 4049 941 4104 veterum
962 4035 1078 4100 notitia
1108 4034 1191 4102 duce
1215 4038 1416 4128 etymologia

340 4151 475 4218 inveniri
499 4173 606 4242 posse,
635 4152 720 4217 inter
748 4150 838 4216 cuius
859 4136 909 4217 “ret
929 4147 1078 4239 exempla
1096 4148 1206 4214 laudat
1226 4149 1282 4233 ille
1303 4150 1417 4241 ipsum

342 4263 538 4333 uocabulum
557 4262 763 4355 Capitolium.

370 4429 391 4497 ¹)
408 4430 507 4483 Amob.
525 4428 580 4480 ndo.
601 4425 670 4479 Garat.
688 4430 737 4481 Vt.
757 4433 779 4480 l.
849 4425 871 4495 ²)
889 4426 933 4478 Ad
954 4425 1016 4479 Aen.
1034 4430 1111 4484 VIII·
1135 4435 1194 4482 345.
1262 4428 1285 4499 ὅ)
1303 4431 1354 4484 IV.
1376 4436 1423 4484 59.

335 4514 356 4586 ⁴)
373 4517 397 4569 1.
415 4519 459 4567 ⁵5.
527 4512 547 4583 ⁵)
566 4510 629 4566 Inst.
649 4510 715 4564 Orat.
733 4515 756 4567 1.
775 4518 800 4578 6,
817 4529 842 4581 p.
863 4515 893 4566 ts
912 4515 1000 4567 Burm.
