3190 5304
353 438 414 503 426
537 459 564 508 c.
585 454 688 499 sauros
708 453 735 503 u·
758 455 785 498 r.
808 456 837 506 o.
858 453 886 497 n.
907 453 1039 511 {urruns
1059 454 1151 499 slusa
1171 438 1246 521 (55).

353 634 509 728 pecuniae
532 632 729 725 repetundae
754 632 954 701 accusatione
979 633 1147 723 cogitantis
1173 633 1318 723 praefero
1346 658 1422 726 prae

352 746 532 815 Ilrumanni
556 760 585 824 ¹,
610 756 706 836 atque
732 745 865 812 Dionem
887 758 1014 811 secutus
1035 744 1225 813 crediderim
1243 746 1421 816 Antonium

350 862 386 927 in
412 862 460 927 ius
485 883 552 927 esse
577 870 725 927 vocaturn
745 870 878 949 proptor
897 859 1094 950 provinciam
1112 860 1197 925 male
1216 859 1420 929 administra·

352 988 433 1054 tam,
462 997 574 1041 verum
598 984 797 1039 accusatores
822 972 964 1039 attulisse
987 970 1204 1039 Catilinariam
1224 975 1420 1041 coniuratio-

351 1111 426 1154 nem
451 1110 516 1178 quo
536 1086 650 1152 certius
672 1084 893 1165 damnaretur;
915 1085 1052 1177 Fabium
1073 1086 1183 1151 saltem
1205 1098 1328 1154 constat
1350 1108 1421 1152 cer·

353 1201 466 1267 tiorem
495 1200 591 1266 luisse
621 1222 751 1278 eorum,
785 1221 867 1289 quae
895 1197 1049 1265 Catilinae
1078 1210 1182 1291 partes
1202 1200 1421 1267 moliebantur

350 1336 409 1405 per
448 1312 654 1403 Allobroges,
689 1311 774 1381 uude
809 1312 954 1402 sequitur
985 1311 1157 1378 admodum
1192 1306 1287 1379 facile
1317 1315 1419 1381 luto-

352 1428 442 1492 nium
476 1425 620 1492 damnari
645 1425 787 1515 potuisse
813 1425 869 1491 tali
895 1437 1093 1506 accusatore,
1126 1424 1183 1515 qui
1215 1426 1267 1493 isti
1296 1440 1421 1516 praeter

352 1539 579 1630 provincialem
613 1540 850 1607 accusationem
887 1536 1065 1605 Catilinarii
1095 1538 1175 1605 belli
1206 1538 1330 1630 aliquid
1360 1538 1420 1606 ob·

352 1652 473 1719 iecerit.

396 1765 527 1830 Frustra
554 1762 665 1831 Cicero
691 1763 867 1831 Antonium
888 1762 1051 1843 defendit,
1076 1764 1132 1854 qni
1154 1764 1214 1829 hac
1234 1764 1419 1833 defensioue

351 1876 479 1945 Caesari
500 1889 532 1943 et
554 1877 708 1967 Pompeio
728 1889 891 1968 suspectus
911 1876 1015 1944 factus
1034 1889 1100 1956 est;
1123 1900 1215 1968 aegre
1236 1878 1311 1949 tulit
1330 1878 1420 1947 dam·

352 1992 530 2069 nationem,
564 2013 639 2054 nam
667 2013 725 2080 per
752 1990 917 2059 Vatinium
944 1989 1042 2063 modo
1070 2003 1143 2056 aute
1171 1991 1274 2081 legem
1303 1991 1419 2057 tulerat

351 2103 467 2170 Caesar
485 2103 545 2168 reis
566 2102 657 2169 valde
673 2104 843 2169 salutarem
862 2102 902 2169 dc
921 2103 1051 2169 alternis
1067 2103 1207 2170 consiliis
1224 2103 1417 2182 reiicieudis,

350 2240 446 2308 quarn
481 2216 614 2307 pertulit
647 2217 777 2283 demum
804 2239 905 2307 quum
936 2215 1092 2282 Antonius
1117 2239 1189 2282 reus
1209 2216 1416 2283 lactusesset.

352 2329 494 2420 Torquet
518 2329 629 2396 Cicero
650 2328 711 2395 hoc
733 2329 941 2421 opprobrium
962 2329 995 2394 in
1019 2328 1182 2395 Vatinium
1202 2339 1235 2394 ct
1258 2327 1293 2412 Q
1317 2328 1415 2396 Maxi-

350 2465 458 2522 mum,
477 2444 536 2532 qui
552 2442 730 2509 Antonium
746 2443 791 2508 ita
807 2451 1047 2521 accusaverant,
1065 2454 1100 2507 ut
1118 2465 1218 2511 norae
1235 2443 1313 2533 legis
1328 2466 1416 2511 com·

351 2553 447 2621 modo
471 2576 535 2621 non
560 2552 730 2621 frueretur.

711 2737 729 2819 §
755 2740 785 2800 4.
837 2733 962 2800 Consul
984 2738 1058 2801 709.

520 2896 547 2943 u.
564 2893 728 2942 retruso.
747 2894 777 2943 F.
796 2894 823 2943 e.
842 2895 877 2943 Ν.
897 2894 1035 2945 CAESAR
1052 2894 1114 2945 1111

554 2978 642 3026 arun
658 2977 793 3028 cottana.
812 2980 942 3029 nouum
959 2980 1060 3029 Au’No

519 3064 549 3121 u.
568 3063 695 3112 FAnrus
711 3063 740 3121 Q.
760 3064 789 3113 F.
811 3064 840 3122 ρ.
859 3065 896 3114 Ν.
913 3061 1105 3113 MAnrMust

551 3147 597 3196 ιΝ
610 3147 686 3196 Mne.
705 3147 873 3197 nourrius
888 3149 965 3198 usr.
992 3147 1035 3199 ιΝ
1052 3149 1139 3198 utun
1153 3151 1182 3199 t.
1202 3150 1226 3200 n.
1245 3152 1269 3200 u.

520 3234 547 3283 e.
567 3232 740 3281 camuros
754 3233 782 3282 c.
800 3233 830 3282 n.
850 3233 878 3283 c.
895 3233 930 3281 rr.
949 3233 1093 3283 armans,

520 3318 544 3366 c,
562 3316 722 3365 ruuuoutus
740 3319 763 3367 u
783 3318 807 3366 n.

394 3447 442 3513 lle
456 3446 647 3515 consulatu³
663 3446 764 3512 nostri
780 3467 885 3536 pauca
895 3444 1070 3514 admodum
1091 3448 1316 3539 innotuerunt,
1340 3475 1413 3543 pro·

347 3563 417 3654 pris
440 3561 508 3631 eius
535 3558 717 3651 triumphus
738 3571 865 3627 tautum
887 3572 919 3629 et
938 3582 1034 3629 mors.
1081 3559 1228 3631 Pervenit
1248 3575 1354 3631 autem
1374 3563 1412 3633 ad

348 3675 436 3742 huuc
465 3673 684 3763 magistratum
714 3696 780 3740 non
808 3696 897 3739 more
927 3673 1100 3753 maiorum,
1132 3673 1188 3743 sed
1215 3688 1249 3743 ut
1274 3687 1412 3745 mutatus

349 3811 455 3859 rerum
480 3798 579 3855 status
602 3786 742 3868 ferebat,
766 3786 932 3853 novaria.

369 3938 372 3949 ι
395 3900 545 3992 Legimus
565 3900 598 3966 in
626 3900 727 3966 Fastis
759 3899 925 3967 Caesarem
954 3898 1015 3966 hoc
1044 3923 1128 3969 aune
1158 3903 1323 3970 consulem
1351 3901 1414 3973 llll

350 4016 446 4085 fuisse
477 4017 544 4085 sine
571 4013 712 4104 collega,
745 4025 800 4080 aut
829 4013 854 4080 si
878 4013 977 4083 mavis
1002 4013 1208 4094 dictatorem,
1233 4016 1324 4085 cuius
1344 4040 1411 4083 ma·

349 4129 600 4221 gistcrequitum
611 4126 752 4220 Lepidus
770 4127 921 4219 perfecit,
936 4139 972 4194 ut
990 4127 1023 4193 in
1036 4126 1123 4195 huuc
1144 4151 1275 4220 quoque
1294 4152 1411 4196 anuum

377 4334 399 4405 ¹)
416 4336 439 4388 Ι.
457 4339 507 4385 689
529 4351 555 4385 n.
573 4340 615 4385 28.
685 4330 707 4397 ²)
723 4333 792 4384 Fast,
817 4333 879 4398 Cap.
903 4334 930 4383 h.
948 4348 985 4393 ω
1009 4332 1063 4385 Cic.
1085 4332 1121 4384 cd
1138 4334 1207 4400 saar.
1226 4336 1290 4389 vu.
1313 4341 1347 4388 30
1362 4333 1376 4400 d
1394 4338 1418 4390 tr

342 4422 411 4474 Pliu.
428 4417 465 4470 Η.
482 4417 520 4469 Ν.
538 4420 601 4471 VII.
620 4423 667 4480 583
684 4419 755 4471 Suet.
778 4416 848 4468 Caes.
866 4424 914 4479 3ος
931 4417 982 4468 Dic
998 4417 1067 4470 Cass.
1084 4418 1178 4471 XLIII
1195 4424 1244 4479 ³³3
1260 4419 1332 4473 Plus.
1352 4415 1415 4469 Ouo.

342 4511 391 4569 ⁶85
408 4503 531 4568 Cassiod.;
549 4504 602 4558 An.
620 4505 698 4568 Non,
714 4504 784 4559 cht
803 4504 854 4559 stc.
907 4501 928 4571 ὅ)
946 4503 996 4556 Dio
1012 4503 1082 4560 Cass.
1100 4503 1202 4558 XLIII.
1221 4507 1263 4555 46.
