3210 5300
334 465 393 534 328
475 489 504 539 o.
526 488 629 531 ruerus
650 489 677 537 0·
699 487 727 528 r.
750 487 777 536 n.
799 454 828 531 n.
849 487 979 530 narratus
999 486 1169 535 conoraron
1190 470 1264 556 (33).

334 669 379 763 ln
413 675 512 731 castra
543 685 685 731 reversus
715 660 793 728 duas
824 656 966 730 Minucio
997 664 1085 732 dedit
1113 679 1122 717 ¹
1156 662 1313 756 legiones,
1347 665 1408 731 sibi

260 842 263 848 .
342 778 513 844 secundam
536 789 566 842 et
587 776 712 841 tertiam
744 779 914 842 reservavit
934 792 969 844 ut
991 777 1098 844 Livius
1117 791 1131 829 2
1160 777 1274 857 babet,
1299 800 1409 845 verum

341 894 477 982 primam
505 904 537 956 et
566 902 710 980 quartam
740 889 915 956 secundum
939 890 1148 957 Plutarchum
1172 899 1197 959 ³.
1245 892 1336 958 Tunc
1358 891 1408 957 di·

341 1003 438 1068 versis
467 1002 545 1068 locis
575 1024 674 1091 quum
705 1001 768 1067 duo
796 1002 845 1067 illi
866 1004 1070 1094 imperatores
1092 1015 1194 1069 eastra
1211 1006 1409 1094 posuissent,

343 1114 504 1180 Hannibal
533 1127 547 1165 ⁴
578 1115 720 1181 Minucio
751 1115 880 1181 insidias
911 1118 1041 1195 struxit,
1071 1117 1190 1208 quippe
1220 1139 1316 1207 quem
1347 1140 1409 1208 pu·

342 1227 462 1318 gnandi
482 1227 634 1318 cupidum
656 1243 857 1318 cognoverat.
893 1229 1003 1296 Multis
1019 1253 1165 1296 enarrare
1183 1230 1317 1296 istorum
1337 1252 1413 1295 mo··

341 1353 393 1406 tus
423 1363 487 1405 uon
517 1341 626 1418 lubet,
650 1340 790 1432 denique
810 1342 934 1408 Poenus
955 1342 1008 1407 hic
1029 1365 1157 1433 quoque
1179 1342 1323 1434 superior
1342 1365 1411 1409 esso

343 1454 507 1546 apparuit,
541 1454 597 1543 qui
623 1453 713 1520 clade
742 1455 847 1520 affecit
876 1455 1054 1522 Minucium
1083 1467 1115 1521 et
1139 1479 1252 1547 parum
1287 1453 1409 1534 abluit,

347 1568 425 1657 quin
442 1567 677 1633 circumventus
694 1580 775 1633 esset
790 1569 940 1659 magister
951 1569 1013 1634 suis
1033 1568 1180 1659 auspiciis
1200 1591 1267 1635 rem
1288 1590 1410 1659 gerens.

343 1682 491 1745 Attamen
522 1679 639 1745 Fabius
674 1695 686 1731 ⁵
718 1680 803 1745 haud
822 1680 936 1770 procul
958 1681 1083 1759 aberat,
1107 1682 1162 1772 qni
1182 1682 1323 1771 collegae
1343 1680 1410 1746 for·

341 1804 439 1858 tunae
462 1791 513 1857 vir
534 1792 651 1856 certior
669 1787 772 1856 facins
793 1792 898 1857 statim
920 1792 947 1857 ei
968 1791 1135 1871 subvenit,
1154 1805 1186 1857 et
1205 1794 1294 1858 noris
1311 1793 1411 1884 copiis

344 1902 489 1969 adductis
517 1904 667 1970 successit
692 1904 841 1970 dictatori
861 1907 1046 1995 magistrum
1063 1928 1155 1971 suum
1177 1928 1300 1972 servare
1320 1919 1351 1972 et
1371 1929 1409 1972 er

342 2015 483 2082 bostium
514 2017 661 2083 manibus
690 2018 819 2109 eripere.
876 2016 944 2083 Nec
964 2019 1080 2108 ingrati
1101 2018 1198 2084 animi
1218 2019 1281 2084 fuir
1301 2019 1409 2086 Minu·

256 2125 267 2141 '
343 2130 410 2194 cius
429 2152 535 2220 neque
555 2131 623 2196 eius
640 2130 773 2211 milites,
790 2131 845 2220 qui
864 2153 936 2196 mox
953 2153 1027 2205 suae
1044 2131 1153 2197 salutis
1169 2143 1268 2197 totam
1281 2131 1410 2198 laudem

341 2241 490 2306 dictatori
509 2241 706 2322 tribuerunt,
721 2241 773 2307 cui
784 2241 953 2331 imperium
965 2240 1104 2306 reddidit
1121 2241 1196 2320 ille,
1215 2241 1291 2308 dum
1304 2240 1338 2307 hi
1349 2241 1410 2308 ho·

341 2355 619 2421 norificentissimo
654 2355 782 2420 nomine
818 2354 957 2418 Patrem
988 2377 1060 2419 eum
1091 2355 1294 2445 appellarunt
1316 2368 1345 2434 ⁶,
1376 2369 1407 2421 et

341 2468 385 2534 sio
416 2490 453 2533 er
467 2544 472 2555 ι
485 2466 623 2534 hostium
647 2477 806 2558 potestate
829 2465 957 2556 elapsus
978 2465 1137 2533 Minucius
1157 2467 1258 2534 Fabio
1278 2469 1409 2546 immor·
1490 2518 1507 2543 0

342 2579 442 2645 talem
463 2581 571 2645 attulit
591 2581 719 2646 laudem
743 2590 769 2645 ⁷.

390 2691 479 2756 Tunc
500 2693 717 2757 calumniandi
738 2694 810 2757 finis
831 2691 892 2756 fuit
913 2703 943 2770 ⁸,
968 2715 1076 2758 omnes
1098 2694 1182 2759 enim
1206 2707 1407 2784 perspectum

343 2802 506 2870 habebant
536 2815 604 2870 tum
638 2804 773 2869 Minucii
798 2805 916 2869 milites
937 2815 1005 2870 tum
1027 2806 1146 2872 Rornae
1168 2807 1288 2873 tribuni
1307 2807 1409 2872 inflati

344 2916 478 2982 Fabium
499 2917 580 2983 bene
608 2919 758 2984 meruisse
790 2919 870 2983 nihil
898 2917 1021 3006 agendo
1042 2941 1099 2984 nec
1123 2918 1156 2983 in
1175 2919 1333 3008 proelium
1352 2919 1408 2986 de-

345 3027 528 3095 scendendo
552 3042 584 3096 et
605 3031 738 3123 patriam
762 3029 982 3110 defendendo,
1006 3030 1083 3097 dum
1107 3031 1264 3097 Minucius
1283 3045 1408 3099 contra·

342 3142 389 3206 ria
410 3163 484 3207 usus
506 3141 659 3208 methodo
679 3143 800 3231 optimo
814 3134 950 3232 guoque
971 3152 1113 3233 tempore
1133 3143 1261 3210 adversa
1282 3145 1409 3211 fortuna

342 3266 548 3344 pugnaverat.

388 3366 571 3433 Dictaturae
606 3368 782 3458 legitimum
817 3380 941 3460 tempus
974 3367 1012 3434 ad
1044 3370 1143 3436 linem
1175 3372 1323 3462 vergebat
1356 3395 1408 3438 ser

343 3479 506 3545 mensibus
532 3482 769 3571 praeterlapsis3
801 3504 872 3546 nam
903 3481 1012 3571 paucis
1040 3482 1152 3550 diebus
1176 3498 1248 3576 post
1268 3509 1409 3576 pugnam

345 3593 590 3659 Trasimenicam
621 3594 663 3658 lV
693 3595 756 3660 lral.
778 3594 833 3660 iul.
854 3596 967 3661 inierat
988 3597 1225 3687 magistratum,
1255 3612 1288 3665 et
1311 3599 1410 3665 insta-

345 3707 423 3772 bant
453 3708 515 3774 iam
552 3708 680 3773 comitia
714 3708 892 3774 consularia
922 3711 1023 3775 mensi
1055 3711 1232 3793 decembri,
1273 3734 1410 3804 quorum

376 3935 396 3999 1)
413 3934 503 4000 Polyb.
521 3936 572 3986 III.
594 3941 641 3986 103
660 3937 672 4001 d
691 3941 706 3985 8
713 3959 721 3997 ;
738 3938 787 3987 Dio
796 3937 863 3988 Caes.
874 3939 953 3989 fest.
966 3943 1005 3989 18.
1040 3936 1061 4003 ²)
1079 3939 1170 3990 XXII.
1187 3945 1228 3990 27.
1264 3936 1284 4006 ⁵)
1302 3939 1363 3990 Fob.
1376 3946 1417 3991 10.

340 4021 363 4080 ἱ)
380 4021 470 4084 Polyb.
488 4022 541 4071 III.
563 4026 624 4079 104;
641 4022 698 4071 Liv.
716 4022 808 4073 XXII.
827 4027 874 4083 28;
893 4023 980 4073 Front.
997 4019 1126 4074 Sanan.
1146 4030 1160 4074 ⁵
1179 4027 1194 4088 ᾖ
1210 4031 1256 4084 223
1273 4025 1338 4075 Aur.
1348 4026 1418 4076 vict.

347 4102 377 4154 V.
393 4102 416 4154 Ι.
437 4108 484 4163 433
502 4106 562 4156 Vel.
580 4107 652 4155 Max.
662 4108 696 4157 V.
715 4112 739 4156 2.
760 4112 789 4166 43
806 4107 875 4157 Plut.
893 4106 956 4157 Fob.
970 4113 1011 4167 tr;
1029 4109 1078 4158 Dio
1091 4109 1160 4160 Cass.
1169 4110 1199 4159 fr.
1210 4114 1251 4160 57.
1262 4115 1309 4169 205
1326 4110 1419 4160 Zonar.

253 4208 256 4213 ·
338 4191 417 4239 VIII.
437 4195 479 4240 26.
549 4187 569 4255 ⁵)
587 4190 677 4254 Polyb.
694 4192 745 4240 111.
768 4197 828 4250 1053
851 4193 909 4242 Lis.
928 4192 1017 4241 XXII.
1038 4198 1084 4253 29;
1107 4197 1172 4244 Aur.
1191 4197 1259 4245 Vter.
1282 4190 1351 4244 V.I.
1369 4199 1418 4254 4³3

341 4275 410 4324 Plut.
428 4274 491 4324 Feb.
512 4279 558 4335 12,
576 4272 637 4323 Fab.
656 4282 679 4323 et
697 4273 756 4324 Per.
777 4281 807 4336 2,
825 4272 886 4340 Ray.
906 4283 929 4325 et
945 4275 1001 4342 imp.
1017 4277 1202 4344 epaphram.
1222 4284 1252 4338 25
1269 4279 1337 4343 App.
1347 4276 1417 4329 Han.

340 4365 385 4417 14;
410 4359 459 4407 mo
483 4357 551 4409 cass.
573 4358 604 4407 rr.
629 4362 670 4409 57.
696 4365 737 4409 21.
789 4357 919 4426 ⁶)v01ys.
942 4363 1076 4423 111.105;
1099 4363 1157 4413 mv.
1175 4361 1267 4413 xxrr.
1286 4369 1332 4422 ao,
1355 4363 1417 4413 yar.

336 4443 409 4492 trax.
424 4443 457 4492 V.
477 4448 501 4490 2.
521 4448 551 4501 4;
569 4442 636 4493 Plin.
655 4442 692 4493 H.
708 4442 745 4493 N.
763 4444 854 4495 XXII.
875 4446 990 4504 5;P1ut..
1010 4445 1071 4497 Far.
1093 4453 1131 4498 13.
1183 4446 1205 4514 ⁷l
1222 4447 1324 4511 Quinot.
1344 4444 1419 4498 Decl.

334 4526 383 4577 IX.
406 4529 444 4577 17.
497 4524 517 4593 ⁸)
536 4526 610 4578 Diod.
629 4528 678 4582 Sic.
697 4528 800 4583 XXVI.
820 4535 845 4580 3.
863 4545 887 4595 p.
909 4536 950 4581 49.
