3212 5294
580 445 601 528 5
622 447 653 510 s.
679 460 788 509 cosm
809 446 851 509 rr.
871 444 941 507 444.
1235 447 1292 508 aar

227 666 312 711 cesse
338 632 596 732 441,’ρο41444ω
618 641 778 707 Etruriam
799 640 987 706 devicissent
1006 639 1160 719 Romani,
1182 658 1293 707 rerum

226 755 356 823 omnino
385 778 450 821 non
478 777 578 845 quum
610 753 772 820 Camertes
795 753 1004 819 sollicitarent
1023 764 1184 844 praestare
1204 751 1294 817 auxi·

227 869 306 934 lium
318 867 465 936 adversus
478 866 573 932 Tusci
588 867 727 933 nominis
735 867 886 957 populos,
906 867 962 956 qui
977 865 1120 933 Sutrium
1142 864 1294 930 tenebant

227 981 399 1069 obsessum.
446 978 515 1046 Nec
545 980 642 1046 credo
670 979 783 1047 foedus
811 990 885 1045 ante
910 979 976 1045 duo
1000 978 1126 1046 saecula
1146 990 1178 1044 et
1196 976 1294 1041 dimi-

226 1093 316 1161 dium
345 1094 447 1160 ictum
474 1094 625 1160 Romanis
654 1093 734 1161 adeo
764 1094 796 1158 in
825 1104 977 1183 promptu
999 1092 1114 1170 fuisse,
1138 1103 1173 1157 ut
1193 1112 1291 1181 quum

228 1205 340 1274 Cicero
368 1205 464 1274 rerba
488 1206 570 1272 illud
602 1218 764 1297 tangeret,
794 1204 914 1271 iudices
945 1204 1028 1270 illud
1056 1204 1295 1271 intellexissent.

229 1320 313 1404 Quas
333 1320 375 1387 ob
397 1342 505 1385 causas
523 1320 595 1386 loco
616 1320 764 1386 Tulliano
783 1318 870 1384 aliud
889 1317 1051 1408 quoddam
1068 1316 1182 1384 foedus
1197 1315 1295 1382 intel·

228 1434 391 1524 figendum
421 1456 488 1499 esse
513 1433 681 1524 perhibeo,
714 1455 819 1521 neque
850 1430 890 1496 ad
921 1431 1142 1520 quaestionem
1170 1428 1209 1494 de
1233 1427 1295 1495 Ca·

227 1547 382 1613 mertibus
401 1547 489 1613 locos
509 1546 549 1612 de
572 1546 700 1613 civitate
720 1545 852 1611 illorum
874 1566 941 1610 esse
963 1541 1146 1609 trahendos.

275 1659 439 1750 Quidquid
457 1671 520 1738 est,
544 1668 668 1725 constat
688 1658 823 1724 Fabium
842 1657 876 1721 in
894 1657 1055 1722 Etruriam
1070 1655 1207 1733 senisse,
1231 1677 1296 1745 quo

229 1784 372 1862 tempore
399 1773 542 1863 quinque
569 1773 667 1862 legati
687 1794 762 1837 cum
784 1769 910 1836 duobus
930 1770 1067 1835 tribunis
1086 1779 1240 1836 renerent
1259 1791 1296 1833 er

229 1894 355 1949 senatus
384 1885 530 1950 consulto
565 1907 638 1949 eum
668 1882 798 1948 retituri
829 1904 869 1947 ne
897 1881 1104 1972 procederet,
1137 1903 1196 1946 nec
1232 1881 1297 1946 sal·

230 2008 297 2062 tum
334 1998 481 2063 transiret
516 1995 706 2073 Ciminium,
739 2008 829 2061 metu
858 2017 898 2060 ne
927 1994 1198 2060 intercluderetur
1229 1994 1296 2084 ipse

229 2109 383 2175 exercitus
416 2135 434 2175 a
464 2109 572 2176 Tuscis
607 2109 816 2198 Umbrisque,
857 2130 938 2198 quos
973 2106 1203 2172 intercluderet
1232 2106 1296 2172 ille.

229 2220 333 2288 Huius
361 2223 467 2289 nuntii
494 2223 578 2288 fama
607 2222 757 2288 convenit
778 2219 891 2285 audaci
914 2219 1006 2284 Fabii
1027 2218 1176 2296 facinori,
1201 2217 1296 2306 quale

230 2333 326 2399 modo
354 2336 517 2424 proposui.
574 2333 682 2401 Livius
707 2332 783 2398 huic
804 2331 999 2422 expeditioni
1020 2329 1125 2420 iungit
1146 2330 1297 2395 victoriae

230 2445 367 2525 sarnam,
401 2447 483 2512 sicut
511 2446 687 2537 exspectari
717 2455 860 2536 poterat,
893 2444 957 2508 acsi
986 2466 1050 2508 non
1080 2443 1148 2508 sine
1173 2443 1297 2533 proelio

230 2558 369 2624 Romani
389 2557 563 2624 Ciminium
583 2558 699 2625 saltum
719 2556 845 2623 vincere
861 2555 1055 2647 potuissent3
1079 2554 1132 2619 cui
1146 2555 1193 2620 nil
1208 2554 1296 2620 aliud

232 2671 357 2737 subesse
377 2671 519 2761 suspicor
538 2693 635 2761 quum
656 2681 781 2736 auctam
797 2669 917 2735 famam
928 2668 968 2735 de
984 2668 1245 2759 populationibus
1262 2668 1296 2734 in

230 2784 363 2862 ricinia,
396 2807 474 2873 quas
503 2784 600 2850 refert
629 2783 787 2849 Diodorus
818 2805 878 2848 nec
905 2782 1072 2873 ignorabat
1093 2782 1216 2860 Livius,
1240 2783 1298 2873 qui

231 2920 282 2962 eas
312 2898 431 2987 respuit
462 2897 585 2983 etiarnsi
612 2896 785 2963 admodum
810 2896 978 2986 probabile
999 2908 1046 2962 est
1066 2895 1228 2962 Romanos
1247 2896 1298 2961 fa-

230 3009 292 3075 cile
310 3010 460 3076 latissime
480 3010 652 3101 populatos
672 3033 738 3076 esse
758 3021 882 3099 partem
903 3010 993 3076 illam
1014 3009 1177 3088 Etruriae,
1201 3033 1297 3100 quam

230 3124 422 3212 necopinato
454 3122 648 3189 intraverant
677 3134 750 3213 post
779 3125 840 3188 iter
869 3134 955 3191 trans
984 3121 1095 3187 silvam
1124 3119 1297 3187 Ciminiam

231 3233 369 3300 feliciter
387 3246 563 3325 peractum.

278 3348 367 3412 Tunc
394 3347 504 3413 Livius
535 3360 660 3413 enarrat
685 3349 816 3413 alteram
839 3348 956 3412 famam
975 3336 1059 3411 male
1078 3357 1235 3436 arreptam
1257 3344 1297 3410 de

231 3483 338 3551 pugna
365 3460 405 3525 ad
429 3460 588 3539 Sutrium,
606 3484 670 3551 quo
686 3462 842 3527 exercitus
858 3472 997 3551 quantus
1012 3482 1187 3549 numquam
1204 3470 1296 3524 antea

231 3584 438 3653 convenerat;
472 3597 633 3664 aggressus
662 3588 709 3640 est
736 3597 790 3639 eos
811 3573 923 3639 consul
947 3573 1045 3663 paulo
1069 3584 1142 3637 ante
1171 3572 1297 3650 lucem,

230 3687 275 3751 ita
305 3697 340 3750 ut
365 3709 404 3752 eo
429 3685 555 3752 facilius
578 3687 785 3753 semisomnos
806 3686 1014 3778 oppresserit,
1037 3708 1128 3763 caesa
1147 3697 1222 3750 sunt
1240 3697 1296 3751 aut

231 3811 325 3889 capta
361 3798 501 3864 bostium
534 3800 636 3866 millia
663 3802 703 3867 ad
731 3802 906 3890 sexaginta,
941 3812 1105 3890 castraque
1133 3810 1299 3888 ceperunt.

233 3912 310 3978 Eam
342 3924 406 3979 tarn
438 3913 558 3980 claram
586 3937 726 4005 pugnam
748 3926 834 3978 trans
855 3912 1024 3979 Ciminiam
1045 3913 1157 3979 silvam
1176 3912 1215 3977 ad
1236 3912 1297 3977 Pe·

231 4025 347 4091 rusiam
378 4037 568 4116 pugnatam,
601 4027 732 4118 quidarn
762 4038 907 4091 auctores
927 4038 1019 4104 sunt,
1051 4025 1140 4093 addit
1171 4025 1297 4104 Livius;

232 4149 263 4204 ct
295 4138 390 4229 longe
420 4139 535 4205 melius
563 4140 626 4218 illi,
661 4153 695 4204 ut
724 4140 815 4206 nobis
846 4150 960 4204 auctor
990 4152 1037 4205 est
1065 4139 1240 4219 Diodorus,
1264 4153 1294 4206 et

234 4251 312 4319 belli
330 4254 439 4318 cursus
457 4252 664 4320 demonstrat.

280 4365 393 4454 Neque
411 4366 556 4431 locorum
575 4366 653 4432 situs
673 4366 748 4433 huic
768 4366 814 4432 rei
836 4366 955 4444 obstat,
979 4389 1052 4431 nam
1071 4367 1187 4434 utravis
1201 4365 1298 4431 fuerit

236 4477 309 4545 urbs
320 4477 462 4560 Camers,
476 4480 578 4549 multo
588 4482 720 4573 propius
730 4481 891 4549 Perusiam
902 4479 1027 4551 adiacet
1038 4503 1134 4571 quarn
1145 4479 1299 4558 Sutrium,
