3210 5300
345 431 407 492 318
488 448 515 496 u.
536 443 638 488 saurus
659 444 686 494 u.
709 446 736 489 r.
758 445 786 494 u.
807 443 835 487 u.
857 441 987 487 uramus
1008 440 1176 487 ouuursron
1196 423 1273 507 (33).

350 602 527 692 seeundum
545 622 695 689 Lirium¹
713 621 847 700 Marsos,
863 621 1059 689 Marrucinos
1070 634 1102 687 et
1113 620 1268 711 Pelignos.
1292 618 1409 689 Utrum

349 749 434 804 reeta
462 737 512 803 ria
534 737 682 829 Apuliam
702 735 868 826 petiverit,
891 757 931 800 an
953 734 1128 802 Marsorum
1150 757 1280 826 quoque
1300 757 1411 826 agrum

350 850 531 930 intraverit,
565 850 615 915 vir
643 848 811 927 conficias3
843 869 903 913 nec
926 847 1144 914 Romanorum
1164 847 1225 915 iter
1242 870 1311 917 rem
1331 847 1410 914 diri-

350 967 427 1042 mit,
459 964 578 1030 Fabius
606 964 693 1029 enim
721 962 820 1028 Tibur
846 950 1009 1053 profectus
1032 973 1079 1027 est
1104 963 1288 1040 Praeneste,
1311 972 1347 1027 ut
1366 962 1411 1027 sie

348 1078 389 1144 ad
418 1079 501 1145 riam
531 1078 677 1145 Latinam
708 1075 895 1168 perveniret.
937 1076 1022 1141 Fieri
1044 1086 1169 1165 potest,
1199 1086 1234 1140 ut
1258 1073 1334 1143 dum
1356 1072 1410 1141 hia

349 1203 463 1270 staret,
487 1192 586 1257 Poeni
609 1191 642 1256 iu
667 1189 776 1256 Marsis
799 1189 949 1254 adsersus
968 1211 1040 1254 eum
1063 1189 1248 1267 eduxerint,
1272 1199 1412 1254 attamen

348 1305 509 1394 liquidum
529 1302 731 1370 esseridetur
751 1325 816 1368 nou
835 1310 960 1369 tantum
978 1301 1139 1367 Romanos
1158 1323 1269 1366 rerum
1285 1298 1412 1366 bostem

350 1440 481 1508 quoque
509 1418 640 1483 evitasse
667 1415 844 1505 proelium,
870 1414 956 1482 unde
985 1414 1136 1505 equidem
1165 1413 1289 1479 deduco
1321 1413 1412 1479 Hans

348 1529 489 1595 nibalem
510 1538 660 1593 conatum
682 1548 748 1593 esse
767 1525 896 1616 quidem
918 1525 1024 1592 statim
1041 1538 1150 1616 petere
1168 1525 1268 1616 ipsam
1288 1522 1411 1591 Urbem

348 1644 467 1714 Marsos
497 1654 529 1708 et
560 1643 687 1731 Aequos
716 1651 959 1729 transgressum,
990 1661 1100 1705 rerum
1128 1638 1284 1705 destitisse
1312 1660 1413 1727 quum

348 1756 470 1824 rideret
496 1752 632 1819 Fabium
662 1775 736 1818 uum
767 1751 944 1841 legionibus
963 1752 996 1818 in
1020 1752 1113 1819 Latio
1133 1774 1226 1818 suum
1248 1750 1412 1819 observare

348 1870 417 1936 iter.
466 1864 628 1956 Quidquid
654 1877 716 1944 est,
740 1866 865 1931 iurerso
886 1865 997 1933 ordine
1017 1865 1154 1950 Marsos,
1178 1877 1248 1931 tum
1266 1865 1411 1955 Pelignus

349 1995 382 2048 et
403 1979 599 2048 Marrucinos
618 1990 781 2044 vastarunt
802 1990 833 2043 et
855 1978 900 2044 sie
920 1978 1068 2069 Apuliam
1089 1977 1256 2045 intrarunt.

351 2136 356 2154 2
396 2092 528 2159 Constat
551 2113 665 2180 nempe
686 2091 810 2156 Poenos
832 2090 865 2156 iu
887 2091 1042 2157 Dauniam
1062 2103 1075 2141 2
1096 2091 1292 2180 peruenisse,
1317 2112 1414 2180 quam

350 2205 532 2296 regionem,
557 2216 594 2270 ut
623 2204 731 2294 magui
759 2203 914 2271 exereitus
943 2203 1048 2271 faeere
1077 2205 1202 2285 solent,
1225 2202 1413 2295 depopulati

349 2330 440 2397 suut,
464 2329 616 2407 oeperunt
635 2317 747 2383 urbem
768 2317 856 2382 illam
877 2318 1066 2385 maritimam
1083 2318 1117 2384 in
1145 2318 1311 2384 Frentanis
1329 2320 1412 2385 Isto·

349 2431 439 2497 nium
469 2430 533 2496 sire
561 2429 727 2507 lbonium,
757 2441 792 2495 ut
814 2443 990 2496 correctum
1012 2444 1074 2511 est,
1099 2443 1131 2497 et
1152 2431 1235 2497 eirea
1257 2435 1358 2522 Arpos
1378 2441 1413 2497 et

349 2543 518 2612 Luceriam
547 2555 648 2608 eastra
678 2556 872 2632 posuerunt3
901 2543 1041 2634 denique
1063 2544 1218 2610 Aeearum
1238 2544 1272 2609 in
1296 2544 1413 2634 Apulia

351 2658 388 2721 fit
407 2657 529 2723 mentio
550 2668 579 2733 3;
604 2667 735 2745 apparet
755 2668 832 2721 tune
853 2655 1025 2722 Hannibali
1046 2655 1144 2723 fuisse
1165 2657 1332 2723 eonsilium
1353 2679 1413 2747 per

349 2788 447 2834 unam
472 2767 642 2833 alteramve
666 2766 700 2832 in
725 2765 867 2858 Hirpinis
888 2768 971 2835 riam
991 2767 1155 2834 Samnium
1176 2769 1294 2835 intrare
1314 2769 1412 2835 etsie

349 2905 366 2945 a
386 2891 475 2972 parte
493 2878 694 2945 meridionali
712 2881 848 2946 Fabium
867 2880 995 2972 aggredi
1013 2881 1213 2972 Romamque
1232 2894 1350 2972 petere.

394 2991 573 3057 Difficultas
598 3004 644 3057 est
668 2993 701 3058 in
721 2993 814 3059 Fabii
831 2994 943 3059 itinere
963 2993 1046 3059 eirea
1068 2992 1147 3060 baec
1166 3005 1324 3084 tempora,
1347 2995 1410 3061 Po-

349 3105 457 3194 lybius
486 3116 593 3171 narrat
617 3118 690 3172 eum
712 3107 780 3186 περὶ
805 3106 865 3178 retr
890 3102 992 3179 Ainus
1019 3107 1052 3173 in
1075 3119 1248 3198 conspeetu
1270 3107 1410 3175 bostium

348 3233 449 3286 eastra
477 3218 633 3309 posuisse,
666 3219 773 3285 Livius
800 3218 886 3285 haud
909 3220 1022 3310 procul
1042 3221 1136 3311 Arpis
1156 3221 1238 3286 illud
1259 3220 1410 3313 accidisse

348 3332 458 3400 tradit.
513 3332 655 3423 Uterque
686 3333 777 3398 locus
805 3332 882 3398 situs
910 3344 957 3398 est
983 3333 1015 3397 in
1047 3334 1177 3423 Apulia,
1207 3334 1294 3424 quod
1317 3333 1410 3401 ralde

349 3444 495 3524 offendit,
513 3467 588 3510 nam
606 3456 731 3509 constat
748 3443 877 3535 quidem
893 3444 1016 3511 Poenos
1031 3445 1065 3510 iu
1082 3446 1138 3511 illa
1154 3447 1283 3536 regione
1298 3447 1409 3526 fuisse,

346 3557 401 3624 sed
432 3556 472 3623 de
500 3557 600 3623 Fabio
629 3557 812 3624 subdubito.
857 3560 917 3625 Per
940 3571 1044 3625 totum
1064 3559 1149 3625 euim
1168 3560 1305 3651 spatium
1326 3558 1409 3626 illud

349 3672 432 3737 iutra
457 3671 661 3760 Apenninum
689 3671 798 3760 iugum
829 3695 861 3738 se
885 3671 1030 3738 delendit
1059 3685 1180 3754 noster,
1205 3696 1310 3764 neque
1326 3671 1409 3737 adeo

348 3783 451 3850 audax
482 3783 559 3862 fuit,
593 3796 628 3848 ut
656 3795 742 3850 trans
771 3782 936 3851 Samnium
961 3786 995 3851 in
1020 3786 1129 3853 ultima
1148 3787 1259 3852 ltaliae
1279 3785 1408 3876 regione

346 3898 382 3963 in
415 3896 529 3986 Apulia
553 3897 677 3962 hostem
698 3912 880 3987 quaereret,
908 3911 941 3966 et
969 3900 1164 3990 superiorem
1184 3900 1277 3966 illum
1298 3920 1408 3989 aggre-

347 4009 493 4090 deretur;
526 4009 759 4100 imprudentior
788 4012 898 4078 fuisset
928 4013 1000 4078 talis
1028 4013 1202 4102 expeditio,
1235 4013 1269 4079 ni
1296 4011 1408 4091 fallor,

301 4196 305 4205 ,
347 4122 437 4214 quod
467 4124 597 4188 omnino
624 4122 773 4192 abhorret
800 4125 841 4190 ab
861 4125 989 4216 ingenio
1008 4125 1217 4192 Cunctatoris.
1242 4125 1409 4214 ,Denique

350 4233 511 4301 contendo
541 4234 675 4302 Fabium
703 4259 735 4303 se
764 4250 876 4305 natura
905 4239 969 4306 loci
1003 4239 1186 4332 praesertim
1213 4237 1408 4318 defendisse;

340 4482 397 4554 ⁴¹)
413 4484 505 4539 xxm
523 4491 549 4550 s,
601 4485 728 4556 ursus.
745 4492 798 4543 111.
816 4492 923 4557 sarr.
974 4488 994 4560 ³)
1011 4492 1100 4558 ruys.
1117 4492 1169 4544 111.
1188 4497 1220 4543 ss
1240 4494 1255 4557 s
1272 4498 1297 4545 s.
1406 4500 1415 4529 ι
