3212 5294
316 454 381 516 263
463 473 490 520 o.
512 470 613 513 rrsrus
635 469 665 512 u.
690 471 716 511 r.
740 469 767 511 n.
790 468 819 510 n.
842 467 972 510 narinus
994 467 1157 511 astusartus
1178 449 1254 532 (tr).

334 646 371 712 ad
401 660 538 737 quatuor
561 648 634 711 istas
652 657 845 736 permutatas
864 645 966 709 tribus
987 645 1223 734 pertinuerant;
1247 642 1317 709 lieri
1338 667 1396 733 pc·

334 770 411 838 test,
445 773 479 826 ut
509 761 570 825 hoc
601 764 644 825 itu
673 758 917 847 intelligendum
949 760 1002 822 sit:
1034 770 1173 847 quatuor
1195 756 1270 820 illae
1298 755 1399 821 tribus

336 896 432 962 quam
463 873 527 962 agri
557 883 680 963 partem
703 871 929 948 continebant,
952 869 1104 934 aediliciis
1123 880 1224 934 totam
1244 867 1398 958 repletam

335 987 449 1063 fuisse,
483 985 592 1050 itaut
622 984 661 1049 de
685 985 750 1074 agri
771 985 967 1074 possessione
987 1005 1090 1048 sermo
1110 1004 1174 1047 non
1192 993 1290 1060 esset,
1312 980 1399 1070 qnod

335 1099 359 1163 si
381 1109 441 1174 est,
461 1098 527 1163 sinc
550 1099 645 1162 ullius
664 1096 854 1162 detrimento
875 1096 1034 1162 libertinis
1052 1117 1218 1163 concessae
1237 1094 1376 1160 luerunt.

380 1209 541 1300 Sequitur,
567 1223 601 1275 ut
623 1209 662 1276 de
682 1210 743 1275 alia
758 1209 896 1300 quadam
920 1209 1060 1273 tribuum
1083 1208 1259 1274 mutatione
1280 1207 1399 1284 dicam,

332 1323 474 1387 tribuum
511 1323 635 1388 ordines
666 1321 832 1413 bipartitus
865 1321 938 1386 rulo
973 1321 1133 1385 iuniorum
1167 1320 1400 1410 seniorumque.

333 1433 551 1499 Niebuhrius¹
577 1455 692 1522 nempe
713 1433 822 1497 multis
843 1431 947 1497 allatis
964 1431 1157 1521 argumentis
1173 1430 1401 1497 demonstrarit

332 1571 447 1613 novam
465 1548 560 1612 allam
580 1547 735 1611 rationem
754 1545 853 1610 Fabio
869 1544 995 1623 deberi,
1015 1566 1096 1634 quae
1115 1545 1218 1634 qualis
1228 1542 1323 1609 luerit
1333 1565 1400 1609 non

334 1684 412 1752 opus
432 1671 478 1726 est
498 1659 607 1725 multis
628 1658 731 1724 serbis
745 1658 859 1725 dicam.
890 1658 992 1723 Huius
1013 1657 1171 1747 opinionis
1191 1678 1267 1747 prae
1288 1658 1402 1722 ceteris

334 1786 481 1840 strenuus
498 1772 646 1838 delensor
665 1795 768 1863 nuper
787 1773 904 1839 exstitit
922 1771 1017 1837 Kiehl
1030 1784 1054 1850 ²,
1075 1772 1165 1837 cuius
1185 1771 1403 1836 doctissimam

333 1886 581 1979 disputationem
612 1885 756 1952 nondum
787 1884 866 1950 mibi
896 1884 1085 1975 persuadere
1114 1885 1270 1975 potuisse,
1303 1883 1402 1948 multi

332 1999 463 2065 fortasse
479 1997 690 2076 mirabuntur,
711 1997 764 2063 sed
783 2021 847 2063 uon
859 1998 930 2064 talis
940 1997 1111 2063 Fabiorum
1130 1997 1298 2088 sospitator
1313 2018 1403 2075 sum,

331 2112 386 2202 qui
400 2113 505 2176 omnia
525 2111 562 2176 iis
579 2110 819 2189 vindicaverim,
843 2111 1025 2202 postpositis
1040 2110 1092 2188 ils,
1113 2133 1194 2200 quae
1214 2121 1403 2175 contraeas

331 2224 438 2290 afferri
469 2236 611 2316 possunt.
657 2225 812 2302 Praestat,
833 2225 959 2315 opinor,
981 2247 1046 2289 non
1066 2235 1229 2313 tamquam
1258 2221 1403 2288 iudicem

330 2340 542 2428 pronunciare
563 2338 594 2402 in
615 2361 648 2403 re
667 2337 872 2417 difficillima,
897 2360 979 2428 quae
999 2336 1105 2402 adbuc
1132 2335 1190 2401 sub
1210 2334 1328 2400 iudicio
1352 2347 1403 2400 est

329 2451 469 2517 virorum
493 2451 764 2531 doctissimorum,
788 2451 843 2540 qui
865 2450 897 2515 in
918 2450 1109 2539 antiquitate
1135 2448 1279 2513 Romana
1304 2446 1405 2513 babi-

331 2575 417 2641 tant,
438 2574 473 2628 ut
494 2560 615 2628 dicunt.
664 2562 818 2653 Apparuit
846 2586 884 2628 er
910 2563 1040 2628 illorum
1071 2559 1288 2651 disquisitione
1313 2560 1405 2650 ipsos

331 2676 477 2741 classicos
503 2675 662 2764 ignorasse
684 2675 813 2766 quando
836 2699 916 2741 nora
938 2675 1108 2740 invaluerit
1130 2674 1279 2764 bipartita
1300 2674 1405 2753 ratic,

331 2789 376 2853 ita
407 2802 443 2853 ut
470 2811 528 2878 pro
557 2789 687 2855 dirersis
710 2789 914 2878 opinionibus
944 2789 997 2854 alii
1022 2788 1084 2853 alia
1103 2798 1286 2875 argumenta
1311 2798 1407 2852 rete-

329 2923 466 2990 rumque
488 2902 665 2967 testimonia
685 2901 887 2991 protnlerint.
935 2901 1008 2966 Non
1027 2901 1119 2966 lubet
1139 2910 1280 2990 repetere
1302 2899 1407 2967 lesis-

331 3013 409 3078 sima
426 3013 499 3092 ista,
522 3036 604 3105 quae
632 3026 742 3079 contra
771 3012 942 3113 Niqbuhrii
961 3013 1151 3080 sententiam
1169 3024 1279 3101 postea
1300 3013 1406 3081 allata

331 3137 419 3205 sunt,
442 3149 502 3191 nec
518 3149 590 3193 sero
607 3149 689 3217 quae
707 3150 766 3222 pro
786 3151 823 3193 ea
841 3139 926 3193 recte
942 3128 1078 3218 proponi
1092 3137 1242 3217 possunt,
1260 3126 1409 3207 sufficiat

329 3238 414 3323 enim
444 3240 482 3305 ad
513 3239 754 3330 Marquardtum
779 3251 791 3290 ³
821 3241 982 3331 ablegare,
1006 3240 1063 3331 qui
1081 3243 1227 3305 accurate
1254 3251 1289 3302 ut
1318 3241 1410 3307 solet

330 3353 466 3419 diversas
500 3365 664 3420 enumerat
694 3356 865 3420 sententias
903 3353 1007 3419 allatis
1036 3352 1165 3443 integris
1191 3352 1280 3417 locis.

375 3466 420 3531 Er
440 3463 488 3531 his
500 3478 604 3532 autem
622 3466 684 3531 hoo
702 3478 828 3533 ¹tautum
848 3467 938 3557 sequi
958 3465 1147 3532 crediderim
1163 3486 1228 3530 rem
1251 3466 1411 3535 nondum

330 3578 444 3644 confici
472 3602 581 3670 posse,
604 3581 648 3645 ita
672 3593 706 3645 ut
729 3580 832 3647 donec
852 3604 934 3646 nova
954 3580 1085 3646 fortasse
1105 3579 1314 3646 classicorum
1341 3594 1411 3648 tes-

328 3692 459 3757 timonia
481 3705 570 3757 eruta
592 3693 690 3773 erint,
714 3718 816 3785 aequo
842 3694 943 3760 Marte
963 3705 1083 3759 certare
1102 3693 1219 3784 poterit
1238 3693 1353 3760 Ritter
1373 3708 1412 3762 et

328 3802 441 3869 Haalrb
461 3828 519 3894 pro
541 3805 620 3898 App.
641 3805 765 3873 Claudii
793 3806 829 3874 C.
852 3807 968 3872 Plautii
988 3828 1121 3871 censura
1143 3809 1223 3884 442,
1245 3805 1412 3874 Niebuh-

328 3920 408 3997 rius,
434 3917 541 3996 Peter,
570 3918 683 3984 Nitsch
701 3932 733 3986 et
745 3920 838 3986 Kiehl
859 3945 917 4011 pro
939 3920 975 4004 Q.
993 3919 1084 3986 Fabii
1102 3919 1232 3986 Maximi
1252 3920 1287 3986 P.
1311 3921 1415 3989 Decii

325 4029 426 4106 Muris
456 4034 535 4109 450,
567 4031 758 4110 Mommsen,
788 4032 936 4111 Balteus,
961 4029 1110 4097 Huschke
1136 4054 1195 4121 pro
1217 4054 1311 4098 anno
1338 4039 1417 4103 513

327 4143 454 4233 expleto
486 4149 527 4209 35
557 4144 698 4211 tribuum
719 4168 868 4225 numero,
899 4143 1050 4223 Gerlach,
1075 4144 1234 4235 Go'ttliug,
1261 4145 1352 4214 Rein
1373 4161 1410 4215 et

353 4415 371 4481 t)
390 4415 423 4466 R.
442 4414 472 4467 G.
491 4418 541 4466 III.
561 4423 618 4467 403.
678 4414 697 4482 ²)
717 4420 754 4468 De
777 4417 915 4491 lrarsierrinp¹
927 4417 970 4470 der·
987 4417 1057 4470 Rom.
1075 4418 1170 4471 kieswet
1186 4420 1212 4470 in
1232 4417 1416 4494 Mnemosyne,

315 4504 366 4555 111.
383 4506 528 4552 ero—rte.
582 4500 601 4567 ³)
620 4499 689 4552 Reor.
709 4500 760 4554 Alr.
779 4505 815 4556 11.
833 4519 871 4555 ιιι.
890 4511 932 4555 30.
