3212 5294
337 424 398 485 232
461 441 489 491 o.
503 436 607 482 rannus
621 436 653 478 rr.
668 436 696 478 r.
712 435 740 478 n.
756 435 784 477 n.
799 431 893 476 nunno
904 414 979 498 (44).
997 415 1057 497 52.
1076 433 1207 478 rnrnroa
1221 418 1289 480 573»

342 614 515 683 tradiderat
545 621 554 659 ¹
581 620 774 703 praetorem
799 633 866 676 esse
887 623 1030 677 creatum
1049 634 1134 678 anno
1156 614 1237 692 566,
1261 623 1293 678 et
1318 614 1414 679 sortia

342 744 410 794 turn
429 751 495 794 esse
515 725 696 815 Hispaniam
718 722 925 803 Citeriorem3
949 723 1042 791 rediit
1060 724 1158 815 igitur
1174 748 1235 815 pro
1247 737 1413 816 praetore,

344 842 477 931 opinor,
495 861 559 904 non
582 862 641 928 pro
659 837 808 914 consule,
832 837 887 926 qui
909 859 997 903 error
1008 848 1113 902 utrum
1127 836 1217 903 Lirio
1227 861 1268 903 an
1278 838 1415 907 librariis

345 954 427 1019 male
447 950 627 1040 legentibus
653 948 878 1040 compendium
898 949 1071 1040 scripturae
1092 950 1269 1029 tribuatur,
1293 951 1412 1017 nescio.

673 1134 691 1216 §
716 1134 748 1195 2.
795 1130 945 1196 Praetor
968 1134 1034 1196 573
1054 1143 1079 1199 ².

387 1290 549 1354 Praetores
578 1287 681 1353 sortiti
710 1298 784 1352 sunt
813 1286 991 1377 provincias
1023 1288 1058 1351 in
1086 1286 1174 1352 hunc
1201 1285 1348 1365 modurn,
1376 1299 1410 1353 ut

345 1390 383 1486 Q.
402 1402 503 1467 Fabio
524 1401 661 1466 Buteoni
681 1399 803 1480 Gallia,
830 1400 867 1484 Q.
884 1400 983 1466 Fabio
1003 1400 1225 1487 Maximo(t3)
1246 1401 1410 1492 peregrina

341 1512 518 1578 iurisdictio
552 1513 727 1579 obvenerit.
775 1512 899 1578 Galliae
927 1511 1109 1602 praefuerat
1137 1512 1174 1579 L.
1202 1512 1323 1592 lulius,
1353 1513 1408 1579 ubi

341 1626 473 1715 Ligures
494 1647 623 1714 magnas
644 1646 691 1690 res
712 1637 891 1703 moverant,
915 1625 972 1716 qui
996 1625 1031 1690 L.
1053 1624 1225 1693 Aemilium
1248 1627 1408 1693 obsessum

342 1749 529 1816 tenuerunt,
554 1760 650 1827 quern
665 1737 766 1803 iussus
788 1749 834 1802 est
851 1737 892 1803 Μ.
906 1735 1059 1803 Claudius
1070 1737 1240 1805 Marcellus
1259 1763 1317 1830 pro
1332 1763 1411 1806 con·

341 1852 410 1917 sule
439 1852 575 1917 liberare
603 1849 757 1916 traductis
784 1874 821 1916 ex
842 1850 946 1916 Gallia
970 1851 1003 1917 in
1023 1850 1154 1940 Ligures
1181 1852 1290 1942 copiis.
1336 1851 1410 1920 Nou

341 1975 449 2029 tamen
470 1963 639 2030 Marcellus
658 1963 827 2029 subvenire
846 1974 989 2053 poterat,
1018 1986 1092 2029 narn
1113 1964 1181 2053 ipse
1201 1963 1337 2031 Romam
1359 1989 1411 2033 re·

340 2099 447 2143 versus
476 2088 561 2155 erat,
590 2075 667 2142 duna
693 2077 761 2143 eius
786 2076 942 2142 exercitus
967 2087 1111 2165 praetore
1137 2075 1238 2142 Fabio
1263 2078 1418 2147 adversus

341 2189 438 2256 istros
456 2189 579 2256 bellum
607 2190 799 2269 sustinebat,
825 2189 881 2279 qni
905 2188 1064 2255 coloniam
1094 2189 1275 2279 Aquileiam
1294 2189 1412 2258 deduci

337 2301 564 2393 prohibebant.
612 2302 686 2369 Alio
705 2301 803 2368 modo
819 2315 855 2367 ut
873 2301 1043 2368 Marcellus
1061 2302 1266 2381 liberaretur,
1290 2305 1411 2394 placuit

338 2416 478 2495 senatui,
508 2416 623 2482 rnansit
642 2416 759 2483 Fabius
780 2416 813 2480 in
834 2415 1015 2506 provincia,
1044 2438 1141 2506 quam
1162 2419 1307 2506 sequenti
1327 2439 1411 2508 quo·

338 2552 402 2619 que
425 2551 510 2595 anno
535 2530 639 2596 tenuit
662 2540 833 2621 prorogato
857 2528 1002 2619 imperio.

481 2713 499 2796 §
524 2715 556 2776 3.
603 2709 726 2775 IIIoz‘r
748 2711 895 2805 coloniae
917 2708 1129 2777 deducendae
1153 2714 1218 2777 574
1238 2720 1261 2776 ⁸.

382 2867 500 2933 Fabius
525 2881 632 2933 noster
651 2867 750 2933 redux
774 2891 810 2933 ex
831 2869 994 2958 provincia
1014 2870 1175 2935 coloniam
1196 2867 1328 2935 deduxit
1348 2870 1411 2936 La·

337 2980 436 3045 tinam
456 2981 574 3046 Pisanis
594 3003 704 3070 agrum
723 2982 952 3071 pollicentibus
974 3005 1058 3048 anno
1081 2987 1157 3048 574.
1205 2981 1356 3072 Collegae
1380 2983 1410 3048 ei

335 3094 466 3159 luerunt
486 3095 518 3159 in
539 3093 601 3158 hoc
620 3117 753 3160 munere
771 3094 815 3161 M.
834 3106 866 3161 et
886 3096 920 3160 P.
938 3094 1068 3185 Popillii
1087 3096 1250 3162 Laenates.
1300 3097 1336 3165 Si
1356 3118 1410 3161 ac·

335 3218 444 3273 curate
465 3206 575 3273 Livius
594 3205 765 3284 enarravit,
789 3228 872 3295 quae
890 3204 952 3270 hoc
971 3229 1055 3272 anno
1076 3207 1278 3285 acciderunt,
1302 3230 1409 3273 rersus

336 3321 432 3385 finem
461 3321 536 3385 anni
561 3320 689 3385 colonia
716 3317 853 3385 deducta
876 3330 939 3397 est,
962 3342 1068 3410 neque
1090 3343 1148 3411 por
1169 3332 1273 3387 toturn
1291 3342 1409 3387 annum

341 3434 458 3500 Fabius
483 3433 605 3500 Galliae
628 3432 769 3524 praefuit
793 3455 851 3522 pro
876 3444 1030 3523 praetore.

677 3618 750 3701 §a
797 3613 938 3680 Arnon
962 3617 1027 3681 sse
1049 3623 1074 3680 ⁴.

383 3771 470 3837 Inter
497 3771 660 3840 Lunenses
687 3774 881 3864 Pisanosque
901 3796 986 3839 anno
1009 3777 1074 3842 586
1092 3773 1346 3864 disceptabatur,
1377 3773 1411 3839 hi

340 3908 456 3975 nernpe
477 3886 694 3975 querebantur
713 3910 745 3953 se
765 3910 802 3953 er
821 3910 896 3977 agro
915 3910 972 3953 suo
988 3886 1411 3978 pellialiomaniscolonis,

340 3999 389 4064 illi
409 4012 519 4065 contra
540 3999 600 4065 sibi
620 4023 729 4090 agrurn
752 4022 819 4067 esse
839 4001 1042 4091 assignatum.
1082 3999 1227 4080 Senatui,
1251 3999 1291 4065 ad
1314 4022 1410 4090 quern

340 4110 490 4199 querelae
516 4111 633 4178 relatae
655 4112 819 4191 ridentur,
850 4112 971 4201 placuit
994 4111 1104 4177 Vriros
1135 4133 1256 4190 creare,
1286 4110 1344 4201 qui
1370 4110 1410 4175 de

665 4286 1142 4299 Ἥ

367 4388 831 4451 ¹›xxxv111.ss‚xxx1x.n.
885 4386 906 4457 ²)
924 4392 982 4443 nra.
1002 4391 1060 4443 nn.
1082 4397 1127 4454 rs,
1152 4396 1199 4454 aa,
1223 4395 1264 4442 ae.
1318 4388 1338 4459 ⁵)
1358 4391 1413 4443 nn.

330 4474 388 4525 xn.
409 4481 448 4526 ra.
502 4472 597 4537 ann.
617 4474 702 4526 xnv.
725 4479 763 4524 ra.
1284 4500 1287 4505 >
