3210 5300
215 484 245 535 a.
254 483 393 536 rneruso.
401 487 426 530 r.
436 487 463 536 o.
471 468 694 552 n.usrm.(37).
701 469 723 552 ς
734 469 845 534 rnna.
854 489 914 534 urs.
922 472 992 535 538.
998 472 1021 556 5
1027 474 1131 536 bren.
1139 475 1208 538 5³9.
1230 475 1290 538 ³57

211 661 363 743 snlaris;”
381 684 480 755 quum
501 663 722 730 versabunda
743 666 887 733 norimus
904 666 1059 751 Quintum
1071 669 1206 735 Fabium
1224 669 1277 735 hic

200 773 452 865 intelligendum
477 797 563 855 esse,
593 774 730 841 librariis
754 775 924 843 reddamus
947 777 1036 845 illam
1056 780 1099 847 ld.
1123 803 1159 847 er
1178 805 1272 871 prae·

197 887 325 953 cedenti
348 887 507 954 vocabule
530 885 615 952 male
638 886 817 976 repetitam.

212 1026 215 1033 ’
244 998 374 1090 Supra¹
393 1001 457 1067 iam
472 999 609 1066 diximus
621 996 807 1065 Cunctatcri
818 998 966 1067 dictatori
978 1001 1082 1068 ulium
1093 1003 1231 1071 adfuisse
1244 1018 1268 1086 ²,

198 1135 298 1203 quum
332 1134 398 1178 rem
435 1110 584 1178 adr'crsus
612 1110 827 1178 Hannibalem
856 1112 987 1202 gerebat
1016 1137 1101 1181 auno
1127 1121 1209 1196 537,
1234 1131 1266 1185 et

197 1223 303 1288 locum
322 1222 472 1290 idoneum
494 1243 669 1311 pancorum
691 1221 812 1288 iactura
834 1236 979 1313 caperet,
1003 1227 1179 1317 exquibus
1202 1218 1272 1296 rel-¹

194 1336 282 1402 letne
311 1358 393 1402 unus
422 1358 506 1415 esse,
535 1349 626 1427 pater
647 1335 779 1426 rogarit.
829 1335 910 1402 Tum
933 1349 946 1387 ³
968 1337 1106 1405 uidimus
1128 1340 1264 1410 Romam

196 1470 270 1515 eum
301 1462 368 1514 ess'e
397 1448 526 1513 missum
551 1470 569 1514 a
593 1459 698 1538 patre,
722 1461 758 1514 ut
779 1471 890 1538 agrum
910 1449 1079 1530 venderet,
1104 1464 1139 1518 ut
1160 1456 1264 1545 capti·

197 1584 251 1628 ros
270 1561 312 1628 de
333 1583 390 1627 suo
409 1559 597 1639 redimeret,
621 1582 758 1651 quorum
785 1561 924 1651 pretium
958 1576 1087 1630 senatus
1106 1579 1270 1654 praestare

195 1674 337 1742 nolebat.

238 1787 331 1854 Anno
361 1793 428 1855 538
458 1786 604 1853 tribunus
630 1787 769 1853 militurn
796 1787 919 1878 primae
943 1788 1078 1880 legionis
1103 1788 1208 1858 adluit
1228 1792 1261 1857 iu

191 1922 297 1991 pugna
326 1897 484 1966 Cannensi
513 1909 592 1964 teste
617 1896 708 1964 Livio
738 1911 763 1963 t.
811 1895 984 1965 Canusium
1012 1924 1045 1966 se
1071 1916 1262 1994 receperunt

191 2012 346 2104 reliquiae
377 2011 576 2088 Cannenses,
611 2011 644 2075 in
674 2032 753 2101 quas
777 2033 922 2079 censores
946 2037 1039 2104 aegre
1065 2018 1261 2096 saevierunt,

190 2147 256 2190 non
277 2148 351 2193 nero
371 2124 404 2190 in
426 2123 538 2201 duces,
563 2121 608 2187 sic
626 2118 759 2187 Varroni
776 2145 835 2213 per
850 2123 960 2213 plures
975 2147 1075 2191 annos
1090 2128 1262 2217 imperium

190 2250 238 2307 est
251 2249 471 2330 prorogatum,
487 2247 519 2302 et
536 2234 656 2301 Fabius
674 2245 782 2300 noster
796 2258 871 2301 mox
885 2259 985 2303 noros
1000 2237 1095 2328 gessit
1111 2237 1258 2309 honores.

524 2420 542 2502 s
568 2420 597 2483 2.
646 2415 781 2484 Aeduos
806 2419 871 2482 aas
898 2428 922 2482 ε.

235 2577 330 2646 Aetas
351 2577 522 2643 tribunicia
541 2574 698 2642 aedilitati
717 2576 889 2642 convenire
910 2574 1055 2657 ridetur,
1080 2601 1154 2644 uam
1177 2572 1266 2647 alius·

186 2714 207 2757 e
231 2691 367 2757 tribunis
399 2688 619 2757 Cannensibus
655 2688 734 2779 App.
765 2685 918 2754 Claudius
945 2687 1112 2756 aedilicius
1132 2705 1200 2758 erat
1226 2684 1262 2759 et

186 2816 295 2870 noster
323 2826 408 2870 anno
433 2815 506 2895 post
536 2801 576 2868 ad
604 2799 692 2866 bunc
718 2801 939 2891 magistratum
966 2805 1123 2895 pervenit.
1172 2803 1269 2890 Quid

184 2920 314 3009 gesserit
341 2918 374 2984 in
404 2916 467 2983 boc
499 2916 622 2982 honore
651 2937 779 3008 prorsus
810 2915 1012 3006 ignoramus,
1042 2918 1120 2985 licet
1147 2931 1261 2986 tarnen-

182 3031 340 3097 coniicere
360 3053 434 3097 eum
456 3030 551 3111 ludos
569 3028 709 3109 dedisse,
732 3052 806 3095 narn
827 3029 964 3102 Romani
985 3043 1062 3097 tunc
1083 3033 1141 3098 toti
1162 3046 1251 3100 erant

182 3146 214 3211 in
240 3144 325 3233 ludis
349 3155 446 3235 atque
469 3144 572 3210 sacris.

414 3296 419 3305 ι
528 3328 547 3410 §
571 3329 602 3391 3.
650 3324 800 3391 Praetor
825 3326 901 3391 540.

225 3484 358 3577 Propter
374 3483 572 3552 Cannensem
586 3483 710 3550 cladem
729 3505 852 3550 summa
868 3480 987 3547 ducum
1003 3482 1139 3572 penuria
1153 3483 1250 3550 luisse

179 3596 321 3678 ridetur,
352 3622 424 3664 narn
445 3598 583 3688 legitimi
606 3599 682 3663 anni
700 3599 784 3664 inter
803 3596 1005 3686 magistratus
1024 3619 1090 3662 non
1108 3597 1248 3663 interce-

178 3709 316 3791 debant3
348 3711 392 3777 sic
422 3712 468 3778 Ti.
495 3710 701 3802 Sempronius
722 3708 887 3776 Gracchus
908 3718 921 3755 θ
942 3709 974 3773 ίη
994 3707 1159 3775 aedilitate
1178 3733 1249 3774 ma-

178 3824 275 3912 gister
303 3823 451 3913 equiturn
481 3820 603 3900 luerat,
634 3842 671 3885 ex
698 3819 863 3886 aedilitate
881 3820 988 3886 statim
1008 3820 1120 3886 consul
1142 3821 1246 3887 lactus

176 3946 246 4012 est,
266 3946 298 4000 et
318 3934 436 4000 Fabius
457 3945 564 3999 noster
583 3941 710 4022 praetor
730 3929 832 3995 Iactus
851 3941 914 4009 cst,
937 3929 995 4020 qui
1014 3929 1111 3996 modo
1132 3933 1245 4011 aedilis

175 4047 298 4127 fuerat,
321 4059 353 4112 et
373 4046 478 4113 statim
497 4057 570 4135 post
587 4041 701 4110 consul
719 4054 843 4107 creatus
866 4054 925 4107 est.

220 4162 316 4229 Anno
349 4164 414 4229 540
444 4158 481 4243 Q.
512 4158 628 4224 Fabius
660 4155 799 4222 consulis
822 4155 1013 4243 (Verrucosi
1032 4155 1092 4242 ΙΨ)
1122 4156 1244 4222 filius⁷

828 4293 954 4304 -—--.

204 4356 225 4422 ¹)
243 4357 282 4409 cf.
300 4358 363 4422 Cap.
381 4372 399 4405 v
414 4358 429 4420 ξ
444 4360 459 4405 8
475 4357 549 4405 huius
565 4357 650 4416 Libri,
665 4372 690 4420 p.
705 4358 764 4406 326.
818 4349 839 4418 ²)
856 4353 906 4403 Dio
920 4353 989 4404 Cass.
1005 4353 1252 4413 fr.57.10;Front.

170 4438 249 4492 Strui.
268 4443 317 4493 IV.
334 4446 349 4491 6
366 4444 414 4504 §L
467 4437 488 4507 ³)
504 4439 544 4490 CI.
559 4440 620 4504 Cep.
636 4457 652 4491 v
667 4443 683 4502 ξ
698 4445 713 4488 8
728 4440 805 4489 huius
817 4438 902 4498 Libri,
918 4453 942 4501 p.
950 4442 1009 4487 325.
1063 4435 1084 4502 ⁴)
1102 4438 1194 4490 XXII.
1209 4444 1251 4490 5³.

167 4525 187 4596 5)
203 4529 262 4579 Liv.
279 4527 383 4579 XXIV.
403 4531 427 4576 9.
479 4523 500 4592 s’)
518 4525 575 4575 Liv.
594 4525 693 4576 XXIII
720 4530 787 4576 30..
816 4522 837 4592 7)
855 4523 911 4574 Lis.
931 4522 1035 4575 XXIV.
1055 4529 1079 4573 9.
