3154 5294
324 456 382 516 152
555 472 591 522 o.
613 472 715 531 raptus
735 472 853 529 rreron,
875 473 1045 519 nrsronrens
1065 458 1140 540 (36).

723 799 905 873 CAPUT
940 801 1002 875 IV.

476 1006 618 1065 curuans
639 1006 757 1054 rrarns
781 1006 920 1068 moron,
944 1008 1139 1057 nrsroarcns
1165 971 1248 1082 (30).

692 1216 710 1298 §
738 1215 766 1278 1.
817 1213 1030 1312 Gerrealoga'a.

376 1438 582 1506 Pervenimus
610 1437 651 1503 ad
683 1437 837 1521 Quintum
867 1439 1045 1520 Pictorem,
1078 1440 1302 1509 historicorum
1331 1445 1397 1511 llo·

330 1575 498 1620 manorum
528 1551 584 1642 qui
609 1574 721 1640 agmen
750 1551 862 1632 ducat,
895 1553 952 1643 qui
973 1553 1082 1619 multis
1103 1555 1286 1621 nominibus
1304 1557 1397 1622 inno-

332 1669 393 1734 tuit
417 1675 542 1756 praeter
566 1663 647 1729 illud
673 1665 795 1754 ipsum,
819 1665 859 1730 de
881 1689 945 1756 quo
965 1689 1051 1732 nunc
1069 1667 1192 1748 dicam,
1213 1669 1310 1757 patris
1329 1670 1398 1734 ari-

308 1805 395 1873 vquc
422 1800 541 1844 nomen
571 1777 687 1843 frustra
718 1778 986 1869 circumspiciens.
1039 1782 1201 1846 lutersunt
1223 1782 1307 1847 inter
1327 1780 1398 1848 Caii

329 1893 540 1982 Numeriique
549 1889 712 1957 Pictorum
724 1892 851 1981 (26,27)
864 1893 1049 1960 consulatus
1061 1896 1140 1983 (485
1150 1905 1181 1960 ct
1189 1898 1266 1980 488)
1278 1895 1396 1959 nostri-

329 2030 393 2098 que
412 2005 603 2097 legationem
623 2003 811 2094 Delphicam
831 2005 926 2094 (538)
949 2009 992 2070 50
1018 2006 1109 2086 anni;
1133 2006 1195 2072 ianr
1216 2007 1397 2097 quaeritur,

330 2119 468 2185 fueritne
497 2129 589 2208 pater
615 2138 655 2180 an
686 2138 763 2181 arus
790 2115 973 2181 alteruter?
1011 2116 1079 2182 Viri
1097 2117 1184 2182 docti
1205 2118 1237 2183 in
1258 2118 1395 2184 diversas

331 2220 501 2299 sententias
525 2229 661 2307 abeunt,
686 2228 924 2318 quibusquam
945 2229 1111 2296 circa535
1133 2242 1281 2319 quaestor
1299 2232 1395 2297 fuisse
1424 2271 1428 2278 .

328 2345 470 2424 ridetur,
492 2343 575 2408 circa
596 2344 661 2408 500
681 2353 774 2406 natus
793 2341 889 2407 fuerit
912 2364 1039 2407 necesse
1053 2352 1120 2421 est;
1141 2365 1215 2431 ergo
1235 2345 1275 2407 12
1290 2345 1340 2410 rel
1353 2349 1393 2409 15

328 2458 417 2526 anuis
426 2467 498 2548 post
509 2454 710 2521 consulatum
719 2467 810 2545 pater
819 2458 891 2522 eum
903 2468 1108 2547 procreasset,
1118 2456 1205 2546 quod
1216 2479 1316 2546 quum
1329 2480 1396 2522 non

327 2570 496 2640 verisimile
514 2581 578 2648 est,
596 2567 746 2658 equidem
768 2567 881 2637 Caium
901 2569 948 2634 rel
964 2567 1154 2635 Numerium
1173 2592 1258 2657 pono
1274 2568 1397 2652 Quinto

328 2708 423 2751 arum
451 2682 565 2759 fuisse,
595 2680 639 2744 sic
669 2681 755 2745 enim
782 2679 919 2763 Quintus
944 2682 1012 2771 ipse
1037 2704 1121 2748 anno
1148 2686 1213 2749 500
1232 2694 1324 2748 natus
1347 2697 1397 2750 est

329 2821 364 2863 cx
389 2807 479 2886 patre
504 2793 560 2884 qui
584 2815 667 2857 anno
689 2796 755 2857 470
775 2806 946 2883 prognatus
965 2805 1011 2859 est
1031 2816 1068 2860 ex
1089 2793 1166 2860 Caio
1184 2793 1396 2875 Numeriore,

330 2931 412 3000 quae
431 2908 514 2973 ratio
535 2904 657 2996 vulgari
678 2907 833 2972 convenit.

518 3091 536 3174 §
561 3092 591 3153 2.
639 3087 745 3154 Miles
768 3092 805 3152 z'n
827 3089 908 3153 bello
936 3088 1066 3155 Gallico
1090 3091 1155 3155 529
1181 3099 1204 3153 ¹.

376 3245 506 3314 Constat
525 3244 679 3329 ¹Quintum
699 3257 844 3312 nostrum
863 3246 950 3312 bello
969 3246 1092 3314 Gallico
1114 3245 1276 3339 Cisalpino
1294 3249 1399 3315 inter-

330 3362 426 3427 fuisse
456 3382 540 3425 auno
569 3362 650 3438 5293
682 3358 813 3425 fortasse
843 3360 953 3425 aetatis
973 3383 1057 3426 anno
1086 3365 1128 3428 20
1153 3361 1254 3451 prima
1276 3364 1399 3429 meruit

330 3473 488 3565 stipendia
517 3471 603 3537 bello
631 3471 816 3563 Ligustino,
840 3497 877 3539 ex
897 3496 962 3564 quo
984 3474 1101 3540 Fabius
1122 3473 1296 3540 Cunctator
1319 3478 1396 3565 (33)

330 3587 440 3655 consul
471 3589 486 3652 1
519 3583 727 3674 triumpharit
756 3609 840 3651 anno
871 3590 956 3666 521,
989 3587 1047 3653 nisi
1076 3588 1182 3677 potius
1213 3611 1297 3654 anno
1327 3592 1394 3654 531

328 3703 426 3768 fuerit
452 3701 486 3765 in
516 3701 656 3765 exercitu
684 3697 823 3763 consulis
847 3698 881 3765 P.
900 3698 1004 3778 Furii,
1027 3699 1150 3766 Plinius
1170 3702 1280 3766 saltem
1301 3702 1399 3768 nobis

331 3826 505 3881 auctorest
524 3835 598 3878 eum
617 3810 704 3877 bello
723 3811 863 3902 quodam
881 3811 1046 3902 Ligustino
1063 3813 1217 3893 adfuisse,
1237 3836 1309 3880 cnm
1327 3839 1398 3906 quo

327 3928 449 4021 populo
473 3926 610 3993 Romani
632 3924 756 3991 bellum
775 3941 937 4016 gesserunt
957 3940 1025 3992 tum
1045 3950 1130 3992 anno
1150 3933 1213 3994 521
1236 3940 1305 3993 tum
1326 3934 1398 3996 529

328 4043 368 4107 ad
400 4045 481 4117 531,
514 4062 614 4129 quum
645 4061 694 4103 res
724 4051 791 4104 erat
819 4052 928 4105 contra
955 4039 1064 4106 Gallos
1085 4038 1272 4131 Cisalpinos.
1318 4039 1396 4107 Non

329 4167 434 4220 tamen
463 4150 633 4221 verisimile
661 4163 720 4230 est,
754 4151 840 4242 quod
868 4152 1026 4219 Dederich
1048 4162 1060 4201 ²
1082 4154 1190 4243 posuit
1209 4176 1283 4220 eum
1305 4153 1397 4221 bello

355 4424 375 4492 ¹)
393 4426 462 4476 Plin.
480 4424 516 4475 H.
534 4424 571 4475 N.
591 4424 652 4475 XX.
672 4427 946 4492 24;Eutrop.111.5;
971 4427 1043 4481 Oros.
1060 4428 1109 4480 1v.
1131 4433 1170 4478 ta.
1258 4425 1279 4494 ²)
1306 4426 1405 4494 Proqr.

320 4509 396 4561 Enim.
415 4527 438 4577 p.
458 4517 482 4561 3.
