3212 5294
339 466 397 528 188
582 482 608 532 o.
630 480 732 524 usurus
754 478 871 534 muron,
894 477 1062 523 nrsroureus
1082 460 1157 545 (36).

336 736 338 741 ,
427 658 562 749 experiri
593 658 703 737 rellet3
739 680 779 723 ue
808 669 876 723 tum
908 656 1038 748 quidem
1067 678 1134 722 esse
1163 678 1295 738 ausum3
1329 659 1400 725 exin

426 769 531 835 filium
551 768 618 834 eius
639 791 704 833 esse
723 781 905 846 mortuum,
928 767 1062 833 eandem
1082 769 1115 834 iu
1135 769 1264 834 somniis
1286 768 1397 837 admo-

427 883 581 948 nitionem
612 881 708 946 fuisse
740 881 877 947 tertiam.
927 881 1007 946 Tum
1027 881 1118 946 illum
1140 881 1235 948 etiam
1256 880 1421 948 debilem‘

426 994 546 1059 factum
566 1015 634 1058 rem
655 990 694 1057 ad
710 993 828 1057 amicos
845 991 1015 1070 detulisse,
1032 1015 1167 1082 quorum
1185 993 1225 1059 de
1241 994 1398 1060 sententia

426 1105 576 1173 lecticula
604 1106 637 1170 in
667 1105 788 1171 curiam
816 1127 882 1170 esse
909 1104 1066 1183 delatum,
1091 1128 1256 1196 quumque
1274 1107 1398 1172 senatui

425 1220 582 1286 somnium
602 1218 825 1296 enarrarisset,
844 1216 979 1307 pedibus
1000 1219 1063 1283 suis
1082 1218 1204 1283 salvum
1223 1220 1398 1288 revertisse.

426 1331 540 1422 ltaque
560 1331 682 1397 somnio
698 1330 905 1421 comprobato
922 1354 939 1395 a
955 1342 1065 1396 senatu
1083 1330 1175 1397 ludos
1192 1331 1263 1396 illos
1279 1333 1397 1400 iterum

424 1445 614 1509 instauratos
636 1445 809 1510 memoriae
830 1442 992 1535 proditum
1017 1454 1064 1508 est
1091 1453 1114 1509 ¹.

379 1558 496 1623 Fateor
514 1557 605 1648 plura
625 1579 676 1622 me
697 1556 896 1646 descripsisse
915 1578 1011 1646 quam
1028 1580 1045 1620 a
1065 1556 1165 1621 Fabio
1184 1558 1275 1626 uobis
1296 1561 1395 1626 tradi-

335 1685 403 1737 tum
423 1693 489 1736 esse
508 1681 648 1747 constat,
665 1669 756 1734 nolui
776 1679 881 1736 tamen
899 1668 1001 1735 Coelii
1018 1670 1230 1736 narrationem
1249 1673 1395 1754 mittere,

335 1807 376 1850 ne
392 1784 476 1849 male
497 1783 586 1848 locus
604 1783 846 1873 intelligeretur.
885 1782 965 1859 Hac,
988 1794 1064 1848 teste
1085 1782 1238 1850 Cicerone
1257 1787 1395 1853 secunda

332 1899 402 1964 uice
430 1896 594 1961 instaurati
624 1907 699 1960 suut
725 1894 775 1960 illi
799 1893 884 1972 ludi,
907 1895 963 1984 qui
982 1895 1088 1984 priore
1117 1895 1189 1961 loco
1215 1920 1298 1962 anuo
1328 1902 1394 1968 258

333 2009 482 2077 ridentur
500 2008 666 2074 instaurati
686 2031 703 2072 a
723 2006 877 2072 dictatore
898 2006 1076 2085 Postumio,
1100 2008 1156 2097 qui
1176 2019 1253 2074 tuno
1273 2034 1395 2078 annuos

334 2123 405 2188 iilos
433 2121 589 2200 instituit3
623 2119 663 2186 de
693 2120 812 2210 quibus
838 2118 924 2185 haud
952 2120 999 2185 ita
1022 2120 1199 2211 spernenda
1222 2122 1396 2214 disputarit

331 2234 506 2302 Harlessiua
527 2245 552 2301 2.

378 2347 441 2414 Gur
466 2346 529 2413 hoc
558 2346 771 2438 fragmentum
794 2345 912 2411 Pistori
931 2346 1115 2425 tribuerim,
1139 2360 1269 2437 apparet
1287 2373 1323 2415 er
1344 2372 1394 2417 se·

331 2463 464 2551 quenti,
488 2461 545 2527 ubi
563 2459 603 2526 de
633 2459 744 2526 eadem
772 2481 806 2525 re
834 2458 1002 2546 Dionysius
1031 2471 1174 2525 nostrum
1194 2461 1305 2527 attulit·
1317 2486 1394 2528 auc-

331 2587 443 2640 torem.
492 2574 599 2640 Potest
619 2571 759 2661 denique
779 2595 816 2637 er
836 2570 898 2636 hoc
918 2570 1079 2637 Ciceronis
1100 2572 1173 2637 loco
1191 2596 1255 2639 non
1276 2578 1393 2644 confici

331 2687 429 2752 alium
450 2708 580 2776 quoque
600 2684 740 2750 eFabiis
759 2683 799 2749 de
818 2684 929 2750 eadem
958 2707 992 2750 re
1018 2685 1195 2775 scripsisse;
1217 2710 1281 2755 non
1306 2691 1393 2759 euim
1462 2723 1466 2729 ·

333 2797 491 2888 urgendus
511 2796 644 2887 pluralis
664 2819 833 2877 numerus,
863 2820 963 2889 quum
984 2796 1167 2888 Nipperdey
1188 2812 1201 2851 ⁸
1231 2801 1288 2871 Gn.
1316 2804 1394 2870 Gel-

331 2911 410 2977 lium
430 2920 554 2975 tantum
575 2908 820 2998 intelligendum
841 2933 907 2977 esse
927 2911 1111 2977 coniecerit.

329 3132 385 3202 N⁰.
419 3133 551 3199 XXVII.
599 3135 714 3217 Κοΐντῳ
738 3136 847 3217 Φαβίῳ
870 3137 1035 3218 βεβαιωτῇ
1050 3138 1206 3217 χρώμενος
1231 3144 1284 3208 καὶ
1308 3146 1393 3212 οὐδε-

419 3250 495 3327 μννῖς
528 3245 574 3313 ἔτι
600 3246 739 3327 δεόμενος
770 3248 904 3320 πίστεως
934 3248 1059 3330 ἑτέρας,
1086 3254 1303 3330 παλαιότατος
1327 3260 1392 3341 γὰρ

416 3362 491 3443 ἀνὴρ
524 3366 584 3426 τῶν
604 3360 648 3425 τὰ
671 3360 833 3439 Ῥωμαϊκὰ
858 3362 1099 3441 συνταξαμένων
1124 3364 1176 3429 καὶ
1202 3367 1307 3435 orioro
1335 3375 1391 3438 οὐκ

417 3473 452 3551 ἐξ
488 3469 526 3537 ὧν
561 3474 670 3549 ἤκουσε
706 3473 796 3551 μόνον
824 3473 913 3538 ἄλλα
947 3474 1000 3539 καὶ
1037 3475 1072 3552 ἐξ
1105 3471 1144 3540 ὧν
1182 3481 1276 3552 αὐτὸς
1311 3481 1391 3561 ἔγνω

417 3584 631 3668 παρεχόμενος
657 3592 680 3650 ⁴.

372 3697 526 3789 Sequitur
536 3696 687 3787 digressio
708 3696 749 3764 de
767 3696 851 3763 ludis
867 3696 1002 3777 Latinis,
1022 3723 1117 3791 quam
1134 3703 1256 3769 etiamsi
1272 3728 1309 3771 ex
1327 3706 1391 3772 Fa·

326 3814 381 3881 bio
401 3811 522 3890 hausit,
547 3810 622 3876 nolo
640 3810 836 3889 describere,
854 3812 1004 3900 quoniam
1023 3813 1211 3883 diffieileest
1233 3829 1389 3900 statuere,

324 3949 486 4019 quaenam
513 3947 551 3991 ex
579 3924 678 3991 Fabio
708 3948 863 4015 quaenam
887 3948 924 3991 er
946 3925 1014 3991 aliis
1039 3925 1188 3995 habuerit
1208 3929 1274 3999 itta.
1323 3930 1390 3998 Go-

324 4039 433 4107 haeret
462 4037 524 4104 hoc
554 4038 767 4129 fragmentum
797 4060 870 4104 cum
896 4038 1126 4128 praecedeute3
1156 4065 1257 4134 quum
1280 4056 1389 4112 autem

325 4151 432 4219 Lirius
451 4164 483 4218 at
495 4151 664 4240 Dionysius
679 4150 765 4217 hunc
783 4151 889 4217 locum
906 4151 946 4218 de
962 4151 1046 4218 ludis
1062 4154 1213 4222 institutis
1234 4179 1270 4223 er
1286 4158 1387 4223 Fabio

351 4424 372 4490 ¹)
389 4424 440 4476 cie.
460 4423 489 4474 de
509 4423 581 4475 divin
599 4426 621 4474 1.
641 4427 766 4490 2t3§55.
830 4425 930 4496 ²)Pag.
951 4433 992 4480 at.
1063 4427 1397 4498 ³)1nPtttat.v1.1aa.

314 4509 335 4579 ⁴)
353 4511 427 4562 Dion.
446 4510 506 4562 Hal.
525 4510 588 4563 VII.
609 4512 648 4561 71.
