3212 5294
355 409 378 492 5
397 410 426 470 3.
448 426 531 469 rnvm
551 426 694 471 coeuntia
716 409 785 471 574.
808 407 876 492 §4
899 426 1024 470 austros
1047 407 1116 469 686.
1213 407 1272 468 233

204 605 265 670 iilis
296 603 415 670 finibus
443 615 686 694 eognoseerent,
722 605 811 669 cuius
843 603 970 694 collegii
1000 603 1147 694 princeps
1174 601 1271 667 fuisse

204 715 329 781 ridetur
348 718 448 782 Buteo
467 729 589 794 noster,
613 717 670 807 qui
692 719 732 781 12
753 716 843 782 aunis
858 728 931 782 aute
947 716 1038 782 ilium
1054 738 1164 806 agrum
1182 714 1269 781 Pisa-

202 828 251 894 nis
279 828 501 910 distribuerat3
527 830 589 895 fuit
616 829 747 920 quidem
772 841 848 895 tuno
872 840 976 895 aetate
997 840 1184 920 provectus,
1215 827 1268 894 sed

201 955 367 1034 propterea
392 966 456 1009 non
481 943 534 1008 alii
557 943 723 1008 tribuerim
748 943 911 1034 negotium
936 942 1017 1008 illud
1042 955 1067 1009 ¹.

578 1266 759 1341 CAPUT
793 1267 895 1339 VIII.

327 1428 494 1477 numurus
513 1429 631 1478 riorus
652 1411 709 1499 (o.)
733 1431 763 1479 r.
788 1412 845 1501 (n.)
867 1429 898 1478 rr.
921 1427 1027 1477 sorra
1053 1406 1136 1499 (45).

533 1583 550 1665 §
579 1583 607 1648 1.
652 1581 802 1646 Praetor
827 1581 886 1647 581
909 1588 935 1646 ².

242 1727 331 1794 Inter
360 1740 523 1819 praetores
552 1729 628 1795 auui
662 1735 723 1799 581
760 1730 899 1797 occurrit
932 1727 972 1794 N.
1001 1726 1117 1792 Fabius
1148 1726 1267 1805 Buteo,

196 1862 293 1932 quern
314 1841 480 1932 aequalem
497 1842 658 1933 posuerim
670 1841 790 1927 Quinto
802 1842 960 1932 (44),imo
971 1841 1058 1907 itlius
1070 1840 1201 1907 fratrem
1212 1850 1267 1905 aut

194 1953 326 2019 fratrem
347 1954 544 2046 patruelem,
567 1956 658 2046 atqui
676 1955 832 2023 Numerio
854 1955 990 2021 Buteoni
1013 1955 1084 2041 (35)
1105 1965 1266 2044 nepotem.

243 2061 381 2130 Obrenit
411 2065 440 2131 ei
465 2065 617 2155 Hispania
638 2065 789 2145 citerior,
813 2090 910 2157 quam
933 2076 1076 2132 tenuerat
1096 2064 1129 2131 P.
1153 2064 1267 2133 Furius

193 2175 309 2256 Philo,
331 2179 389 2267 qui
408 2190 513 2245 tamen
532 2179 683 2245 remansit
702 2179 734 2244 in
755 2180 935 2271 proriueia,
959 2178 1032 2243 nam
1053 2176 1169 2241 Fabius
1188 2200 1266 2266 pro·

192 2288 298 2355 faetus
327 2290 360 2354 iu
390 2290 576 2381 Hispaniam
604 2303 749 2358 mortuus
775 2305 822 2358 est
849 2291 1021 2386 Massiliam
1046 2289 1136 2371 euius
1155 2289 1265 2355 mortis

193 2424 297 2492 quum
317 2403 442 2469 senatui
462 2403 576 2470 allatus
596 2417 677 2472 esset
698 2406 845 2483 nuntius,
863 2416 970 2496 patres
989 2404 1215 2478 decreverunt,
1230 2415 1265 2466 ut

192 2516 277 2582 inter
296 2539 328 2583 se
348 2516 536 2583 sortirentur
555 2518 669 2584 Furius
688 2529 721 2585 et
743 2517 800 2586 Cu.
821 2516 971 2584 Servilius
990 2515 1122 2606 Caepio,
1145 2513 1264 2604 quibus

190 2629 224 2694 iu
249 2628 403 2720 Hispania
426 2629 618 2697 succederet.

238 2740 286 2807 De
309 2741 344 2825 Q.
365 2742 466 2808 Fabio
488 2742 659 2809 Aemiliani
676 2744 744 2810 filio
757 2743 846 2832 (50),
870 2744 925 2834 qui
943 2740 1028 2833 apud
1053 2740 1260 2831 Appianum³

189 2853 282 2919 audit
310 2856 434 2937 Buteo,
462 2878 527 2922 nou
556 2855 650 2923 huius
677 2856 742 2923 loci
770 2869 818 2924 est
844 2855 1023 2946 disputare,
1052 2876 1125 2918 nam
1152 2852 1262 2942 quiin

189 2967 401 3034 Maximorum
422 2968 543 3034 familia
564 2981 658 3035 natus
678 2982 741 3049 est,
764 2994 821 3061 per
840 2968 945 3036 nullas
964 2966 1127 3033 machinas
1145 2966 1178 3032 iu
1197 2967 1261 3031 Bu-

192 3091 326 3146 teonum
351 3081 513 3148 transferri
536 3094 656 3173 potest;
679 3084 796 3150 duilio
816 3084 899 3149 inira
919 3094 932 3129 ⁴
958 3080 1146 3146 ridebimus.

219 3321 241 3387 ¹)
258 3323 508 3389 csntsvrreap.
523 3324 625 3390 amos.
660 3322 681 3391 2)
698 3324 1065 3386 urv.xn1.2a‚xu11.r‚4.
1100 3320 1120 3390 ὅ)
1136 3319 1210 3388 trop.
1222 3326 1263 3372 er.

178 3404 640 3474 ummmmmn
