3190 5304
663 487 832 531 THESBS.

696 662 795 730 XLll.

256 813 351 906 Apud
374 813 497 880 Liuium
516 814 551 881 V.
568 817 624 880 51:
651 813 722 881 »Et
742 835 843 904 quum
861 810 1034 879 victoribus
1052 811 1167 890 Gallis,
1184 824 1277 902 capta

209 939 302 995 »tota
320 924 422 1005 Urbe,
447 922 644 1014 Capitolium
665 935 774 991 tamen
796 936 894 1014 atque
916 946 1020 989 arcem
1040 922 1149 1013 diique
1167 935 1199 988 et
1216 922 1277 989 ho-

208 1041 338 1108 »mines
368 1038 505 1105 Romani
526 1041 712 1117 tenuerint,
740 1039 987 1115 dubitaverint,
1011 1036 1185 1102 victoribus
1208 1037 1275 1102 tto-

207 1152 354 1231 »manis,
376 1163 562 1242 recuperata
581 1151 686 1228 Urbe,
707 1174 761 1216 arr
781 1173 911 1242 qnoque
926 1163 957 1216 et
976 1149 1169 1240 Capitolium
1184 1149 1276 1215 dese-

207 1288 228 1330 »
237 1279 323 1332 retur
332 1266 368 1329 ?’'
381 1264 420 1330 ad
434 1264 628 1331 vocabulum
640 1267 809 1331 tenuerint
820 1262 1044 1353 explicandum
1057 1263 1140 1329 male
1149 1262 1274 1353 irrepsit

206 1379 443 1444 habitaverint.

684 1511 799 1580 XLlll.

249 1675 345 1768 Apud
374 1676 512 1744 eundem
544 1676 603 1746 IX.
633 1681 693 1744 36:
729 1677 871 1767 »Usque
891 1673 931 1741 ad
955 1673 1115 1743 Camertes
1137 1675 1274 1742 Umbros

204 1800 419 1877 »penetrasse
449 1790 610 1857 dicuntur.
657 1789 725 1869 lbi,
752 1775 814 1879 puz'
830 1800 953 1867 essent,
977 1787 1071 1853 soteri
1091 1788 1272 1854 Romanum

203 1922 364 1978 »ausum,
383 1901 668 1992 introductumque
685 1904 718 1967 in
736 1915 880 1968 senatum
899 1899 1038 1966 consulis
1056 1901 1158 1966 rerbis
1175 1901 1273 1992 egisse

203 2010 273 2078 »de
298 2012 479 2093 societate”,
504 2013 675 2103 legendum
700 2014 851 2080 coniicio:
878 2035 1006 2102 ›rqrrum
1030 2014 1162 2077 essent.''

674 2192 788 2261 XLIV.

245 2349 340 2442 Apud
370 2349 508 2417 eundem
537 2351 576 2418 X.
604 2355 659 2418 lc:
695 2349 816 2417 »deris
836 2350 938 2441 grauis
958 2347 1035 2414 tulit
1056 2348 1089 2412 in
1112 2349 1269 2418 aerarium

200 2475 369 2530 »trecenta
388 2464 550 2553 octogiuta
568 2463 686 2530 millia:
705 2465 747 2530 de
757 2467 887 2553 reliquo
897 2486 977 2529 uere
987 2461 1096 2528 aedem
1109 2461 1269 2530 Fortunae

199 2578 271 2642 »de
296 2579 464 2644 manubiis
485 2576 662 2645 faciendam
685 2578 823 2658 locavit,
847 2591 878 2645 et
902 2576 1057 2642 militibus
1077 2598 1118 2641 ex
1129 2577 1267 2666 praeda

198 2702 378 2757 »centenos
414 2690 506 2757 binos
543 2713 681 2758 asses...
719 2691 855 2770 dirisit'’,
886 2689 1030 2757 abundat
1056 2689 1266 2769 alterutrum,

197 2803 340 2892 suspicor
363 2798 611 2892 expungendum
637 2825 703 2869 esse
727 2802 769 2868 de
791 2805 923 2892 reliquo
944 2825 1032 2868 aere.

684 2981 781 3051 XLV.

239 3136 333 3228 Apud
363 3137 498 3204 eundern
528 3139 644 3206 XXIV.
675 3144 735 3205 34:
766 3140 981 3220 »Postremo,
1006 3152 1040 3204 ut
1064 3141 1112 3206 sui
1133 3141 1263 3209 vulnere

193 3250 335 3317 »intacti
366 3252 430 3316 tela
460 3252 493 3316 in
525 3250 650 3318 hostem
678 3253 876 3341 ingererent,
910 3274 1037 3317 murum
1067 3250 1107 3316 ab
1131 3253 1196 3318 imo
1221 3254 1261 3320 ad

192 3387 381 3430 »summum
401 3365 520 3431 crebris
542 3364 738 3430 cubitalibus
758 3364 825 3430 fere
841 3369 935 3430 cavis
950 3365 1091 3455 aperuit,
1105 3388 1162 3455 per
1178 3390 1260 3457 quae

191 3500 304 3542 »σανα
331 3501 403 3568 pars
432 3478 569 3569 sagittis,
599 3500 672 3567 pars
700 3478 922 3569 scorpionibus
947 3502 985 3544 er
1013 3479 1141 3545 occulto
1166 3493 1258 3571 pete-

190 3591 297 3657 »bant
315 3588 473 3671 ·hostem'’,
494 3614 558 3658 uon
581 3614 663 3681 opus
683 3604 731 3658 est
750 3605 787 3657 ut
806 3592 940 3659 relativo
958 3593 1003 3658 illi
1021 3617 1109 3682 quoe
1127 3593 1258 3686 supple-

187 3715 260 3769 atur
282 3728 376 3771 caua.

668 3863 779 3930 XLVI.

234 4042 327 4133 Apud
355 4042 494 4111 eundem
529 4044 629 4112 XXX.
659 4048 718 4111 41:
744 4043 924 4111 »Cornelio
948 4045 1071 4113 consuli
1092 4048 1252 4138 qninqua-

186 4156 305 4246 »ginta
334 4157 463 4224 narium
490 4155 598 4252 classis
626 4182 664 4225 ex
684 4157 808 4225 duabus
828 4157 1002 4238 classibus,
1027 4156 1085 4227 Gn.
1107 4157 1251 4240 Octavii,

184 4291 296 4359 >›qune
319 4269 353 4335 in
373 4269 481 4336 Africa
502 4280 606 4349 esset,
631 4272 665 4340 P.
685 4271 797 4350 Villii,
821 4293 905 4362 quae
926 4271 1056 4338 Siciliae
1076 4286 1250 4340 oramtue-

183 4381 328 4464 ebatur,
351 4384 507 4467 decreta‘,
526 4385 645 4453 excidit
664 4384 829 4460 coniuntio
848 4393 880 4452 et
898 4410 916 4456 a
934 4386 1139 4476 praecedenti
1161 4395 1248 4457 esset

180 4495 341 4588 absorpta.
