3210 5300
348 444 370 525 5
392 444 439 507 11.
460 461 570 506 consuo
591 447 649 508 lll.
670 446 739 510 559.
758 448 780 531 5
805 451 849 513 12.
869 466 979 513 consur.
1001 452 1051 513 lV.
1073 451 1142 514 540,
1227 453 1287 515 ast

223 639 341 721 movit,
365 641 501 709 firmarit
521 640 726 734 Campaniam
747 645 1006 737 frumentumque
1026 645 1160 715 subvehi
1179 647 1285 725 iussit,

219 765 251 819 at
281 752 326 819 sio
354 753 482 821 tandem
511 753 650 821 Romani
679 753 819 846 Capuam
850 770 1046 848 receperunt.
1093 758 1209 825 Fabius
1239 759 1282 829 ad

219 864 412 946 Suessulam,
440 866 646 958 Sempronius
669 868 822 937 Luceriae
840 869 1035 950 hibernavit,
1058 875 1111 941 cui
1130 872 1281 939 contiuua

219 978 343 1044 etiamsi
364 979 479 1046 leniora
501 980 623 1071 proelia
646 980 775 1047 luerunt
798 1002 870 1047 cum
895 981 1084 1048 Hannibale.

266 1090 371 1175 Quum
398 1092 598 1160 comitiorum
627 1106 752 1184 tempus
779 1094 933 1174 instabat,
958 1095 1074 1161 Fabius
1093 1095 1227 1164 Romam
1247 1120 1282 1164 sa

218 1205 353 1272 contulit
384 1217 413 1286 ¹,
441 1218 611 1296 postquam
638 1205 788 1274 Puteolos
813 1230 870 1297 per
894 1207 1018 1274 bellum
1045 1222 1191 1300 coeptum
1216 1210 1283 1277 fre·

219 1319 364 1407 quentari
383 1321 580 1411 emporium,
598 1320 829 1389 communierat
854 1321 1012 1412 praesidio
1035 1322 1200 1413 imposit03
1222 1323 1282 1391 ha·

218 1430 289 1497 buit
311 1433 458 1511 comitia,
482 1432 523 1499 de
542 1455 679 1523 quorum
699 1435 784 1501 exitu
805 1435 910 1501 statim
930 1435 1117 1502 ridebimus.

263 1541 374 1610 Oetera
406 1567 488 1635 quae
513 1546 554 1610 ab
581 1544 649 1611 aliis
677 1544 828 1611 Romanis
855 1557 925 1611 acta
951 1559 1024 1614 sunt
1048 1560 1133 1613 extra
1156 1545 1281 1615 ltaliam

216 1668 271 1724 aut
299 1656 383 1723 iutra
412 1659 484 1724 nolo
511 1656 684 1748 attingere,
716 1680 823 1748 neque
851 1657 927 1725 belli
950 1659 1148 1725 Macedonici
1168 1660 1278 1739 initia,

216 1771 334 1861 quippe
361 1792 444 1860 quae
469 1769 509 1835 ad
538 1784 664 1861 gentem
691 1782 831 1837 nostram
861 1794 923 1837 nou
951 1773 1119 1863 pertinent.
1166 1773 1236 1840 Hoc
1262 1783 1275 1821 ²

211 1895 334 1951 tautum
364 1884 451 1950 lubet
475 1905 649 1950 memorare
668 1895 800 1974 propter
817 1907 973 1951 summam
994 1887 1148 1977 pecuniae
1170 1910 1275 1978 penu·

214 1996 311 2076 riam,
341 2017 407 2086 qua
433 1996 660 2093 premebuntur
689 1997 839 2075 Romani,
864 1998 964 2086 legem
989 1996 1124 2090 Oppiam
1144 2021 1212 2066 esse
1232 2001 1280 2066 la-

213 2122 293 2184 tam,
326 2130 366 2173 ne
395 2129 458 2197 qua
484 2106 598 2174 mulier
624 2109 697 2199 plus
726 2109 918 2176 semunciam
941 2111 1011 2176 auri
1038 2110 1185 2190 haberet,
1214 2136 1280 2181 neu

214 2220 400 2287 vestimento
432 2220 614 2286 versicolori
648 2233 807 2300 uteretur,
841 2245 903 2293 neu
929 2222 1040 2291 iuncto
1070 2223 1214 2290 vehiculo
1245 2226 1279 2293 iu

214 2332 302 2403 Urbe
331 2332 487 2424 oppidoue
516 2348 569 2400 aut
594 2334 724 2425 propius
745 2334 820 2402 iuda
839 2335 925 2402 mille
944 2359 1069 2426 passus,
1092 2337 1152 2405 nisi
1172 2360 1279 2403 sacro·

214 2469 281 2512 rum
302 2446 503 2536 publicorum
532 2469 623 2514 causa
657 2446 838 2528 veheretua3
868 2472 927 2539 per
948 2453 991 2514 20
1012 2472 1112 2517 annos
1131 2450 1280 2528 invaluit,

213 2584 286 2627 uam
306 2568 387 2631 auno
405 2566 471 2628 559
491 2558 570 2627 haec
589 2561 730 2627 luxuriae
750 2561 838 2628 frena
859 2561 982 2629 sublata
1003 2574 1083 2629 sunt.

520 2747 542 2830 §
566 2745 617 2812 12.
669 2739 794 2810 Consul
814 2740 868 2813 IV.
894 2748 971 2811 540.

368 2909 512 2974 ursulus
531 2910 558 2973 Q.
573 2911 598 2961 F.
615 2909 641 2974 Q.
660 2911 689 2960 u.
710 2911 842 2960 ulmuus
860 2910 1055 2961 asuuucussus
1072 2912 1099 2960 tt
1110 2908 1130 2960 ὅ.

367 2997 396 3045 u.
417 2994 555 3044 cornutus
576 2997 604 3046 n.
624 2996 649 3049 a.
664 2997 695 3045 rr.
713 2996 741 3047 tt.
760 2997 924 3044 usucusuus
944 2997 984 3044 ut.

256 3120 374 3188 Fabius
397 3121 557 3187 reomtaia
579 3120 709 3202 babuit,
733 3136 768 3190 ut
784 3123 947 3203 dicebam,
970 3124 1042 3214 qui,
1065 3145 1165 3214 quum
1183 3147 1277 3213 prae·

208 3235 348 3325 rogativa
376 3235 411 3303 T.
442 3234 611 3302 Otacilium
638 3249 671 3302 et
694 3237 737 3303 tt.
769 3239 941 3305 Aemilium
970 3238 1133 3327 Regillum
1160 3260 1277 3305 consu·

209 3347 257 3413 les
285 3345 420 3426 diceret,
455 3348 553 3414 sorba
585 3347 677 3426 fecit,
716 3350 832 3439 quibus
866 3348 1011 3415 dissuasit
1041 3349 1114 3414 illos
1149 3352 1272 3431 creari,

210 3459 355 3549 Regillus
383 3459 469 3526 enim
499 3461 616 3527 flamen
641 3473 710 3528 erat
740 3462 926 3547 Quirinalis,
955 3485 1050 3552 quem
1073 3484 1147 3528 cura
1167 3487 1275 3530 sacro·

207 3595 281 3639 rum
308 3573 467 3667 retinebat
497 3587 529 3655 ⁸,
561 3597 622 3640 nec
650 3573 821 3658 Otacilius,
845 3576 901 3667 qui
919 3575 1034 3641 sororis
1060 3577 1152 3642 Fabii
1171 3577 1272 3645 filiam

207 3685 346 3753 babebat
376 3709 518 3765 uxorem,
549 3710 608 3777 par
634 3699 702 3754 erat
725 3689 830 3766 oneri,
853 3688 941 3778 quod
962 3700 1039 3752 tuno
1060 3687 1185 3753 cousuli
1203 3700 1274 3755 erat

206 3798 446 3879 sustinendum,
462 3799 552 3867 cuius
572 3801 618 3866 rei
646 3821 772 3869 oausam
797 3801 937 3867 stutim⁸
961 3799 1155 3879 videbimus3
1178 3800 1270 3866 deni·

206 3934 270 4002 que
297 3913 414 3981 iterum
440 3913 658 4005 praerogatiua
686 3914 868 4004 suffragium
888 3915 978 3994 iniit,
1000 3915 1164 4004 creatique
1184 3914 1272 3980 Mar«

232 4168 328 4234 ¹1Liv.
346 4171 450 4221 XXIV.
471 4175 494 4222 7.
547 4167 567 4236 ²)
584 4172 643 4222 Liv.
666 4171 799 4222 XXXIV.
819 4175 899 4230 1-83
923 4171 1003 4222 Tacit.
1021 4167 1054 4220 Α.
1073 4172 1125 4221 111.
1150 4176 1197 4231 33;
1215 4173 1277 4224 Val.

196 4255 270 4305 Max.
287 4255 341 4306 IX.
359 4262 382 4307 l.
401 4262 417 4306 3
424 4279 431 4315 ;
449 4255 522 4308 Oros.
537 4258 586 4308 IV.
605 4262 647 4307 20.
691 4253 720 4321 ,3)
734 4255 806 4307 Fast.
821 4256 882 4321 Cup.
900 4259 965 4316 53t;
983 4257 1040 4306 Lis.
1055 4256 1159 4308 XXIV.
1174 4261 1189 4304 9
1196 4279 1204 4316 ;
1222 4256 1275 4308 Cic.

201 4337 262 4391 Cato
281 4345 298 4389 4
317 4342 332 4403 ξ
351 4346 396 4399 10;
419 4341 493 4405 Nep..
512 4337 574 4390 Coto
601 4342 693 4406 l§2;
714 4341 784 4393 Plut.
807 4338 871 4405 Req.
893 4347 917 4388 et
938 4338 996 4404 imp.
1019 4339 1132 4406 opoplatls.
1156 4339 1219 4391 Fob.
1244 4348 1275 4400 3;

196 4423 289 4475 bonor.
306 4424 356 4475 IX.
376 4432 405 4485 4;
429 4423 554 4485 Cassiod.,·
579 4425 632 4477 Au.
654 4427 733 4495 110135
753 4426 823 4476 Fauo.
839 4425 890 4476 Sic.
960 4421 981 4490 ⁴)
998 4426 1056 4477 Lis.
1074 4424 1179 4477 XXIV.
1200 4429 1274 4476 t-a.

195 4505 217 4574 ³}
235 4508 275 4560 Cf.
293 4510 349 4560 Liu
359 4511 394 4563 V.
411 4507 473 4575 Cap.
490 4524 509 4560 v
525 4511 538 4576 5
556 4515 587 4575 2,
605 4527 628 4576 p.
648 4516 706 4562 200.
759 4509 779 4578 ὃ)
797 4510 836 4562 cf.
853 4509 914 4575 Cap.
932 4524 961 4561 vr
977 4510 1051 4560 huius
1065 4509 1150 4560 Libri.

1085 4594 1129 4675 22
