3212 5294
310 443 371 505 216
499 440 843 523 u.ramusmcrurr(47).
864 440 924 523 52.
946 458 1026 501 rauu
1047 459 1201 506 renunes.

315 636 443 728 Regillo
467 651 475 689 ¹
499 651 531 705 et
550 637 647 705 Serto
667 636 799 704 Caesare
818 650 830 688 ²
851 649 986 703 constat.
1036 636 1159 727 Sperno
1175 638 1286 706 itidem
1305 636 1387 724 Qui·

318 750 380 816 riui
398 752 504 817 cultus
524 773 668 831 causam,
692 772 788 841 quum
807 748 991 816 Dederich³
1010 751 1043 816 in
1061 774 1100 818 eo
1117 752 1281 832 cernebat,
1297 753 1384 844 quod

319 864 476 930 Romulus
504 865 590 932 tirus
614 864 765 955 singulari
784 863 915 929 caritate
933 875 967 928 et
986 862 1201 931 familiaritate
1221 863 1386 955 amplexus

318 988 400 1042 esset
429 978 578 1057 Fabium,
603 989 699 1067 atque
724 975 818 1043 huius
838 998 915 1066 gens
935 974 1103 1059 Quirinum
1124 977 1309 1067 praesertim
1328 996 1386 1041 co·

318 1088 446 1169 luisset3
479 1091 618 1156 caritatis
647 1089 738 1155 istius
767 1088 996 1154 documentum
1020 1089 1148 1155 nullum
1167 1102 1287 1155 exstare
1307 1110 1386 1155 con-

318 1202 420 1268 tendo
449 1204 509 1269 nisi
537 1205 571 1268 in
603 1200 738 1282 sabulis,
768 1202 809 1268 de
827 1200 917 1269 cultu
937 1202 984 1267 nil
1003 1201 1151 1268 conficio.
1198 1199 1312 1293 Neque
1330 1224 1385 1269 ur·

318 1315 457 1406 gendum
483 1316 609 1384 ridetur
629 1308 724 1408 quod'
737 1315 877 1382 Vaillant
897 1315 1064 1405 opinetur,
1087 1313 1150 1380 lucc
1171 1315 1384 1383 sacerdotium

318 1429 360 1494 ab
380 1429 500 1520 origine
520 1430 595 1495 inde
614 1431 646 1494 in
667 1441 762 1521 gente
780 1429 894 1495 Fabia
913 1427 1025 1507 luisse,
1049 1428 1202 1518 quoniam
1222 1452 1287 1495 nou
1305 1429 1385 1497 lice·

319 1553 367 1608 ret
392 1542 513 1608 flamini
528 1545 628 1631 jabis
648 1541 732 1608 vesci
754 1553 833 1608 teste
852 1541 995 1608 Varrone
1013 1540 1098 1631 apud
1118 1542 1257 1608 Plinium
1281 1554 1305 1622 ⁴3
1320 1542 1385 1609 imo

319 1656 441 1721 flamini
469 1655 551 1722 Diali
580 1656 686 1722 fabem
707 1678 749 1722 ue
770 1654 933 1721 nominare
954 1653 1085 1744 quidem
1106 1677 1176 1720 mos
1202 1667 1270 1720 erut
1292 1668 1323 1736 ⁵3
1352 1667 1385 1721 at

317 1769 345 1832 si
362 1767 423 1834 hoe
442 1791 508 1835 nou
528 1767 647 1835 licebat
665 1769 806 1850 flamini,
821 1768 985 1860 piaculum
1002 1766 1113 1834 fuisset
1129 1790 1247 1834 nomeu
1267 1769 1387 1835 Fabio·

302 1888 387 1944 'rum
407 1881 440 1946 in
455 1904 509 1949 cre
521 1883 681 1961 Romano,
706 1881 826 1973 quippe
843 1880 931 1972 quod
949 1881 1007 1947 illo
1022 1880 1092 1971 ipso
1107 1892 1268 1972 tempore,
1284 1905 1384 1973 quum

317 1990 529 2059 secerdotium
549 1992 730 2059 institutum
750 2004 847 2070 esset,
868 1991 1057 2059 dictumest
1076 2016 1095 2058 a
1114 1991 1208 2059 lubae
1227 1994 1361 2062 cultura.

362 2101 554 2172 Numerium
582 2117 727 2171 nostrum
757 2117 793 2170 ut
818 2104 973 2189 Quintum
992 2104 1084 2171 illum
1110 2110 1181 2196 (40)
1202 2107 1387 2175 flaminibus

319 2213 536 2299 Quirinalibus
556 2219 706 2311 equidem
724 2217 901 2286 adnumero
918 2240 978 2285 uec
994 2241 1067 2285 cero
1087 2241 1141 2285 eos
1153 2220 1265 2287 iratres
1289 2221 1386 2288 luisse

315 2328 430 2409 credo,
463 2342 498 2396 ut
524 2332 594 2398 ullis
622 2333 768 2412 ridetur,
800 2355 875 2398 nam
904 2331 950 2397 nil
978 2354 1035 2398 nos
1062 2344 1185 2412 moret,
1211 2345 1247 2398 ut
1273 2326 1387 2402 fratres

317 2442 430 2509 codem
469 2444 597 2511 iunctos
628 2468 783 2537 ponamus
818 2444 994 2512 sacerdotio
1004 2467 1017 2525 3·
1052 2458 1161 2511 contra
1193 2445 1385 2515 Numerium

316 2554 436 2639 Quinto
445 2556 551 2624 filium
564 2559 669 2625 tribuo
682 2572 813 2651 propter
822 2559 904 2625 illud
916 2560 1027 2648 ipsum.
1062 2560 1178 2627 Fateor
1187 2560 1266 2628 haec
1278 2563 1385 2629 omnis

314 2668 484 2736 incertiora
495 2694 571 2749 esse,
582 2672 637 2738 sed
648 2671 743 2739 facile
753 2672 1030 2739 melioraedcctus
1040 2675 1228 2742 sententiam
1239 2676 1384 2742 mutabo.

346 2908 440 2977 nutv.
458 2911 563 2965 xxrv.
582 2919 607 2965 s.
662 2911 941 2983 unueuaamp.
959 2933 1023 2983 ηερ.
1044 2921 1059 2968 e
1078 2917 1092 2985 a
1111 2924 1150 2969 m.
1211 2914 1312 2986 prag.
1334 2925 1392 2971 ηε».

311 2990 332 3061 ⁴)
351 2992 388 3046 Η.
402 2992 439 3046 Ν.
457 2997 522 3049 x11.
543 3003 582 3049 12.
637 2995 657 3067 ⁵)
674 2999 714 3053 cr.
731 3001 803 3054 serv.
820 3003 886 3055 rin.
902 3004 992 3067 fragm.
1009 3004 1038 3055 11
1058 3004 1073 3068 ς
1093 3009 1138 3066 12,
1156 3020 1181 3069 ρ.
1200 3011 1259 3057 ros.
