3212 5294
395 446 457 530 §L
486 462 690 510 ouunuuoou..
707 442 767 527 §2.
788 460 1062 517 urusnrrramnu.
1209 445 1269 507 208

202 642 330 735 opinio,
345 641 402 733 qui
422 641 561 717 Fabiana
581 638 740 731 pontificii
752 638 829 705 iuris
849 637 1028 726 fragmenta
1043 636 1086 703 -ad
1110 636 1265 722 Quintum

202 756 341 848 primum
369 752 533 831 annalium
564 749 763 817 conditorem
792 749 950 830 referant;
972 751 1073 816 itaut
1095 749 1210 833 hao‘in
1233 774 1267 816 re

203 867 337 943 Krousii
363 866 493 955 vestigia
521 887 683 955 premam,
698 884 786 943 „non
798 908 802 915 -
816 863 903 954 qnod
917 863 1146 954 ‘probabiliora
1176 863 1268 933 nulla

203 981 355 1061 habeam,
374 1003 449 1058 nam
460 978 597 1079 suspicio
617 977 774 1069 quaedam
790 976 869 1056 mibi
887 989 959 1057 nata
976 960 1152 1068 crunnum
1169 977 1267 1047 rerba

203 1095 316 1160 dicam.
359 1091 589 1181 Argumentum
608 1091 683 1156 libri
700 1090 833 1156 Pictoris
856 1089 942 1161 illius
961 1091 1161 1165 versatur'iu·
1175 1089 1270 1161 rebus

203 1205 297 1272 sacris
327 1216 358 1270 et
386 1203 572 1294 pracsertim
595 1202 629 1269 in
657 1200 856 1266 caerimoniis
875 1200 1025 1290 aliisque,
1050 1223 1131 1292 quae
1151 1202 1269 1268 flamen

203 1318 301 1387 Dialis
331 1329 362 1385 et
393 1316 554 1387 flaminica
586 1315 752 1381 observare
776 1313 915 1394 debent,
943 1314 977 1378 in
1003 1336 1037 1380 re
1067 1338 1153 1387 saera
1172 1315 1271 1406 igitur

204 1432 312 1497 Pictor
339 1431 394 1496 ille
418 1452 483 1531 noo
505 1428 619 1520 hospes
641 1428 725 1532 fuit,I
744 1426 857 1518 quidni
877 1450 950 1494 oum
971 1426 1032 1495 hac
1052 1429 1269 1520 seiungamus

204 1545 388 1613 memoriam
414 1542 505 1617 Fabii
524 1540 658 1611 Pictoris
679 1540 772 1606 unius
790 1539 979 1618 alteriusve,
1004 1541 1061 1631 qui
1081 1552 1193 1632 utpote
1214 1544 1274 1608 fla-

203 1683 277 1728 men
307 1656 478 1742 Quirinalis
501 1676 662 1722 sacrorum
682 1653 908 1727 ritunmbaud
930 1655 972 1720 ita
988 1654 1115 1744 ignarus
1137 1656 1215 1732 luit,
1240 1656 1272 1722 id

204 1784 271 1843 est:
304 1769 445 1859 suspicor
475 1766 566 1861 libris
595 1766 659 1832 illis
688 1765 764 1830 iuris
794 1764 954 1854 pontificii
982 1775 1147 1863 auctorem
1175 1766 1272 1832 luisse

207 1883 243 1967 Q.
272 1883 408 1949 Fabium
437 1879 594 1946 Pictorem
620 1878 691 1966 (40)
714 1877 975 1971 flaminem,ant
995 1875 1127 1944 fortasse
1149 1877 1272 1945 Nume-

205 1999 287 2063 rium
308 1996 398 2085 (47),
422 1993 463 2063 de
492 2016 558 2084 quo
586 1992 711 2070 statim3
737 1989 823 2080 qnod
844 1991 869 2055 si
890 2001 954 2068 cst,
975 1990 1060 2081 apud
1083 1990 1271 2061 Ciceronem

206 2135 263 2202 pro
281 2111 509 2176 >runaamis”
525 2105 694 2198 legendum
713 2116 793 2171 esset
809 2107 1038 2182 »numerr'rts”,
1056 2105 1109 2171 cui
1130 2106 1273 2194 opinioni

207 2225 321 2290 ductus
347 2222 528 2291 litterarum
562 2243 628 2286 non
658 2219 813 2287 obstar.=···
827 2218 946 2285 Vereor
973 2229 1098 2295 tameo,
1131 2236 1171 2285 nc
1195 2217 1274 2285 haec

207 2338 390 2405 coniectura
415 2333 610 2426 ingeniosior
634 2355 730 2424 quam
759 2330 861 2397 verior
880 2329 991 2428 multis
1011 2329 1174 2409 rideatur,
1198 2329 1274 2397 hinc

208 2473 272 2516 non
303 2473 396 2516 ausus
426 2471 496 2515 sum
524 2446 576 2512 isti
605 2445 699 2537 plura
728 2456 945 2535 superstruere
966 2454 998 2510 et
1019 2444 1052 2510 in
1072 2465 1171 2510 unrun
1195 2466 1276 2510 con-

208 2565 338 2654 iungere
359 2585 440 2652 quac
462 2559 524 2627 hoo
544 2561 648 2651 capite
665 2571 701 2625 et
719 2558 865 2650 sequenti
885 2556 1076 2647 disputanda
1097 2556 1207 2624 habui.

255 2675 418 2766 Quidquid
435 2687 494 2753 est,
509 2673 647 2742 eundem
668 2684 812 2741 nostrum
829 2683 897 2736 turn
914 2671 990 2736 iuris
1000 2669 1160 2759 pontificii
1178 2671 1276 2737 libros

212 2789 367 2881 scripsisse
380 2800 447 2854 tum
462 2784 844 2853 historicum.eondidisse
863 2806 942 2874 opus
959 2782 1087 2850 Rerum
1099 2793 1274 2874 gestarum

212 2902 307 2969 titulo
331 2901 475 2968 nondum
494 2899 573 2968 mihi
592 2922 777 2990 persuasum
806 2909 871 2977 est,
904 2920 979 2967 nam
999 2896 1061 2963 alia
1081 2897 1277 2988 fragmenta,

211 3039 294 3106 qnae
314 3015 368 3081 alii
389 3026 501 3081 nostro·
518 3012 721 3090 tribuebant,
741 3010 918 3077 Serviliana
940 3010 1125 3090 vindicabo,
1144 3024 1177 3077 et
1196 3035 1278 3104 quae

211 3140 329 3195 restant
349 3151 414 3194 non
444 3127 611 3192 continent
640 3125 716 3193 ta'lio
741 3124 855 3203 verba,
884 3123 927 3191 ob
948 3147 1031 3214 quae
1048 3123 1155 3191 Nonio
1180 3125 1278 3192 fidem

213 3265 277 3308 uon
296 3240 533 3320 abiudicemur,
558 3240 718 3306 utstatim
738 3237 904 3305 ostendere
925 3236 1076 3303 conabor.

309 3427 327 3511 §
348 3428 378 3491 3.
424 3422 633 3513 Fragmenta
653 3444 695 3485 ex
714 3421 811 3485 libras
830 3419 872 3483 de
892 3417 975 3483 Iure
996 3419 1176 3506 Pontzficr'o

537 3533 652 3600 Servii
672 3532 777 3599 Fabii
797 3533 960 3598 Pictoris.

215 3691 271 3762 N⁰.
304 3691 329 3759 l.
376 3694 412 3757 ln
435 3690 518 3757 libro
537 3693 566 3756 1⁰
585 3688 677 3756 Fabii
701 3687 849 3765 Pictoris,
875 3708 956 3777 quae
977 3685 1072 3753 rerba
1090 3687 1280 3777 pontificem

306 3804 477 3871 maximum
516 3804 621 3871 dicere
662 3813 821 3892 oporteat,
862 3822 963 3889 quum
996 3800 1147 3890 virginem
1179 3804 1280 3893 capit,

307 3919 547 4009 scriptumest.
606 3917 652 3982 lla
682 3914 776 3980 rerba
807 3912 886 3978 heco
914 3926 1001 3979 sunt:
1045 3912 1279 3982 »Sacerdotem

308 4031 486 4109 Vestalem,
509 4053 592 4120 quae
613 4050 700 4095 sacra
725 4027 839 4104 iaciat,
863 4049 945 4116 quae
965 4026 1034 4091 icus
1055 4027 1114 4093 siet
1132 4028 1281 4094 sacerdo·
1325 4100 1331 4115 .

307 4157 371 4211 tem
391 4143 550 4210 Vestalem
572 4143 694 4221 lacere,
717 4165 776 4233 pro
796 4140 919 4231 populo
941 4140 1086 4207 Romano
1108 4140 1280 4226 Quiritium

310 4258 376 4323 ntei
395 4279 477 4348 quae
498 4269 630 4347 optuma
651 4257 722 4346 lege
743 4256 845 4332 vovit,
868 4255 962 4320 itate
984 4254 1096 4324 Amata
1116 4256 1206 4348 capio
1228 4270 1253 4325 ¹.

247 4506 269 4574 ι)
285 4505 350 4562 Gall.
370 4510 394 4562 Ι.
415 4515 445 4561 12
465 4510 480 4573 ς
500 4514 540 4560 14.
