3194 5302
590 491 660 575 §d
682 510 758 554 rann
782 507 914 556 concurr.
1245 495 1284 558 13

215 692 370 771 Romuli;
399 692 480 760 forte
498 694 529 759 iu
559 693 666 761 locum
694 694 860 762 bominum
882 695 1024 762 succedit
1045 697 1197 777 catellus,
1226 699 1282 789 qni

214 804 295 869 Pani
318 805 467 894 Lycaeo¹
493 807 720 874 immolabatur
744 809 793 874 bis
819 809 922 875 sacris.

263 918 492 1008 Perantiquum
521 919 615 986 illum
646 921 743 987 ritum
772 922 869 987 luisse
899 944 963 1012 quo
991 921 1124 989 deornm
1151 923 1284 1013 gratiam

217 1029 346 1119 publice
361 1029 623 1121 deprecarentur,
644 1045 727 1098 etex
743 1034 789 1099 rei
805 1044 918 1100 natura
939 1036 1083 1125 seqnitur
1100 1047 1132 1100 et
1148 1034 1285 1125 vulgaris

219 1144 326 1235 opinio
345 1144 507 1224 firmabat3
532 1146 669 1212 refertur
689 1147 776 1212 enim
797 1147 1051 1238 antiquissimum
1071 1147 1223 1238 quodque
1245 1146 1286 1210 ad

218 1256 444 1336 Euandrnmt,
464 1259 520 1349 qui
539 1259 617 1326 baec
636 1282 766 1350 quoque
784 1282 820 1325 ex
841 1258 976 1325 Arcadia
991 1259 1024 1325 in
1042 1259 1166 1326 ltaliam
1182 1270 1285 1324 trans-

220 1370 328 1437 tulisse
358 1384 389 1437 et
420 1373 528 1439 locum
559 1396 694 1439 sacrasse
727 1373 862 1438 traditur
891 1373 925 1438 in
956 1372 1087 1451 fabulis;
1113 1394 1172 1439 nec
1193 1371 1287 1437 aliter

219 1484 358 1552 Cicerot
385 1487 587 1576 pastoriciam
617 1498 837 1577 agrestemque
868 1486 1085 1577 Lupercorum
1112 1484 1286 1551 coitionem

217 1599 395 1664 institutam
426 1599 504 1665 dicit
535 1613 706 1689 antequam
735 1599 916 1664 humanitas
944 1611 1041 1690 atque
1061 1599 1145 1689 leges
1164 1611 1287 1677 essent,

218 1712 251 1778 id
280 1724 328 1778 est
354 1711 434 1779 adeo
454 1713 594 1803 priscum
615 1713 708 1779 illum
729 1735 796 1777 esso
815 1735 952 1791 morem,
979 1713 1097 1778 utiam
1118 1710 1287 1778 invaluerit

217 1826 405 1916 priusquam
437 1825 469 1890 in
499 1826 657 1892 civitatem
689 1825 834 1892 homines
862 1826 1011 1891 coierant.
1069 1825 1148 1891 Tum
1175 1823 1288 1890 annuit

218 1938 321 2024 illud,
345 1938 432 2029 quod
453 1938 531 2004 nudi
550 1938 688 2030 Luperci
710 1938 938 2018 decurrebant,
960 1938 1288 2006 nilaliudenimsub·

220 2063 305 2129 erat,
343 2074 439 2141 quam
478 2075 561 2130 mos,
601 2052 666 2117 siro
693 2063 915 2142 paupertatem
946 2052 1043 2118 maris
1068 2052 1289 2143 pastoricium,

222 2164 265 2228 sic
296 2164 383 2230 serbi
407 2187 499 2230 cansa
521 2165 586 2231 Pan
606 2164 671 2230 sire
692 2164 820 2230 Faunus
841 2176 1003 2255 pastorum
1020 2165 1167 2256 princeps
1183 2163 1288 2231 nudus

222 2277 404 2366 lingebatur
432 2278 518 2369 pelle
553 2289 675 2343 tantum
709 2277 854 2357 cinctus;
890 2298 951 2343 nec
980 2277 1074 2342 aliter
1102 2277 1290 2368 pauperculi

222 2388 395 2456 hodiernae
435 2390 545 2457 ltaliae
584 2402 726 2481 pastores
768 2389 910 2455 eiusdem
941 2388 1072 2477 generis.
1119 2386 1187 2453 lam
1218 2388 1290 2455 ride

224 2501 391 2593 quomodo
419 2503 613 2594 explicatum
643 2503 682 2568 sit
713 2514 839 2594 postea,
870 2524 969 2592 quum
989 2500 1192 2566 decurrentes
1211 2500 1291 2566 nudi

223 2636 382 2681 sacrorum
392 2612 529 2678 ministri
541 2612 745 2678 offendebant
757 2635 826 2691 eos,
846 2612 902 2703 qui
913 2612 1101 2702 ignorabant
1113 2612 1144 2676 in
1157 2634 1191 2677 re
1203 2633 1290 2678 sacra

224 2728 364 2818 priscum
396 2749 515 2792 morem
545 2727 702 2791 intactum
736 2749 864 2792 manere
900 2725 1086 2791 diutissime.
1133 2724 1291 2809 siluam,

225 2843 378 2932 inquiunt
396 2840 491 2919 istit,
516 2841 548 2905 in
568 2839 723 2906 honorem
741 2839 835 2905 Panis
854 2839 1117 2930 Lupercaliorum
1139 2840 1290 2905 solemni·

225 2966 272 3020 tas
301 2953 532 3033 celebraretur,
556 2975 672 3043 pecora
698 2953 917 3019 Romanorum
942 2951 1049 3017 subito
1074 2975 1091 3016 a
1114 2951 1291 3019 latronibus

230 3079 320 3158 rapta
331 3078 419 3146 sunt,
439 3066 488 3130 illi
499 3066 648 3156 proiectis
659 3067 796 3131 restibus
806 3065 967 3155 prosecuti
979 3076 1070 3142 sunt,
1091 3063 1140 3129 bis
1159 3064 1291 3131 latroni·

226 3180 286 3244 bus
317 3179 473 3271 oppressis
492 3192 524 3245 et
545 3180 680 3271 receptis
697 3180 901 3257 animalibus,
930 3189 1063 3268 propter
1077 3199 1146 3243 rem
1163 3202 1181 3243 a
1199 3177 1293 3243 nudis

225 3316 375 3383 prospere
396 3305 531 3382 gestam,
551 3292 749 3358 consuetudo
759 3292 948 3383 permansit,
969 3301 1005 3356 ut
1016 3290 1094 3356 nudi
1105 3290 1294 3381 Lupercalia

227 3405 453 3471 celebrarent.’'
493 3404 585 3489 Quod
613 3407 778 3471 insontum
801 3404 842 3469 ab
864 3404 934 3470 aliis
954 3404 993 3468 ad
1014 3403 1190 3471 Romulum
1212 3418 1294 3470 trac·

227 3528 296 3583 tum
328 3531 376 3584 est
385 3568 394 3598 ,
422 3542 503 3609 quos
534 3518 658 3608 fugerat
686 3519 782 3585 ritum
811 3519 863 3584 rel
884 3518 1023 3584 Romulo
1044 3540 1111 3583 esse
1131 3519 1294 3609 antiquio-

227 3654 314 3711 rem3
343 3654 448 3722 neque
477 3632 579 3721 accipi
602 3643 706 3722 potest
739 3643 884 3697 contorta
914 3633 972 3697 ista
991 3631 1161 3720 explicatio
1179 3632 1212 3695 iu
1232 3632 1294 3696 cir·

230 3745 321 3825 culo,
350 3768 432 3836 quae
460 3746 641 3812 institutum
668 3744 745 3810 dicit
771 3744 858 3835 quod
886 3746 949 3810 iam
969 3744 1164 3822 invaluerat,
1194 3743 1298 3812 idest

229 3869 339 3947 postea
368 3883 422 3924 eos
449 3859 551 3925 nudos
579 3858 694 3937 fuisse,
724 3858 874 3948 quoniam
901 3869 974 3922 ante
1002 3858 1064 3921 iam
1085 3854 1164 3921 nudi
1185 3868 1297 3923 esseut.

231 3968 298 4036 Cur
313 3992 431 4060 quaeso
451 3992 604 4061 pauperes
623 3968 673 4035 illi
694 3980 835 4059 pastores
855 3966 939 4058 pelle
959 3968 1007 4032 vir
1027 3969 1124 4033 cincti
1141 3973 1298 4035 >srestes''

233 4106 304 4149 suos
331 4083 556 4174 proiecissent;
586 4083 658 4173 quis
688 4082 796 4148 credat
824 4105 878 4148 eos
909 4079 1012 4145 nudos
1042 4103 1202 4172 aggressos
1230 4105 1296 4148 esse

263 4381 284 4447 ἲ)
300 4384 368 4435 Plot.
388 4380 485 4440 Quaest.
504 4380 574 4431 Rom.
594 4385 646 4443 68,
675 4379 894 4443 111‚1t0m.sr;
921 4383 993 4443 Serr.
1011 4381 1047 4431 od
1062 4380 1122 4434 Aen.
1141 4384 1219 4435 VIII.
1238 4389 1298 4434 34³.

235 4465 256 4531 ²)
272 4469 328 4519 Lir.
345 4470 368 4518 1.
387 4474 420 4527 ῦς
446 4468 517 4519 Serv.
536 4468 554 4516 l.
572 4467 604 4527 l.;
623 4466 696 4518 Ovid.
716 4469 785 4517 Fust.
802 4468 838 4517 11.
858 4470 922 4525 279;
941 4469 1042 4518 Tubero
1059 4469 1126 4532 apud
1142 4468 1218 4518 Dion.
1237 4469 1299 4518 Hal.

237 4552 273 4601 11.
292 4557 331 4602 so.
385 4549 406 4620 ὅ)
421 4569 448 4618 p.
469 4549 535 4602 caet
557 4556 585 4600 11
607 4552 622 4614 ς
641 4554 682 4600 no.
736 4548 756 4616 ⁴)
775 4552 849 4603 serv.
867 4549 978 4602 addes.
997 4553 1074 4603 vl11.
1094 4556 1143 4602 oca
1162 4559 1187 4602 as
1204 4556 1263 4602 aaa.
