3210 5300
553 467 620 550 §L
642 486 752 530 cousus
773 472 799 531 l.
821 471 890 533 521.
1204 474 1264 535 305

189 686 263 731 uam
292 665 325 730 P.
347 663 513 731 Cornelius
542 663 698 729 Lentulus
722 664 762 730 de
781 664 950 756 Liguribus
969 668 1033 756 egit
1056 665 1253 758 triumphum

191 781 271 859 518,
301 777 341 843 do
364 776 472 843 Sardis
492 779 740 868 sequentianno
762 779 798 844 Τ.
820 778 958 844 Manlius
978 779 1172 871 Torquatus,
1196 780 1252 846 sed

189 900 299 955 contra
325 888 453 954 eosdem
478 911 562 954 anno
589 891 654 954 520
677 889 854 955 missisunt
875 892 1046 973 exercitus3
1072 914 1145 957 mox
1163 891 1251 959 idem

188 1005 303 1068 iterum
324 1001 456 1080 accidit,
486 1002 537 1067 rir
556 1001 658 1068 solum
682 1014 840 1068 verterant
863 1004 997 1092 Romani
1018 1027 1056 1070 er
1074 1027 1149 1094 agro
1166 1028 1253 1071 non-

189 1116 265 1182 dum
300 1115 446 1195 subacto,
481 1115 558 1206 quin
587 1116 692 1181 statim
724 1114 914 1182 rebellatum
942 1130 996 1184 est.
1055 1116 1109 1183 Sic
1138 1118 1251 1183 consul

190 1241 305 1295 noster·
324 1251 408 1293 anno
436 1232 500 1294 521
534 1239 643 1294 contra
672 1227 820 1318 Ligures,
851 1229 974 1320 collega
1001 1242 1109 1294 eontra
1136 1228 1253 1294 Sardos

188 1342 301 1408 missus
321 1353 383 1420 est,
410 1353 544 1431 uterque
563 1363 595 1406 re
616 1341 698 1407 bene
716 1354 802 1431 gesta
824 1341 918 1409 rediit
938 1344 970 1407 in
990 1341 1166 1434 triumpho:

185 1518 216 1576 Q.
224 1516 349 1565 FABIUS
355 1514 384 1572 Q.
397 1515 425 1562 F.
436 1514 464 1571 Q.
475 1514 509 1562 N.
521 1512 687 1563 MAXIMUS
698 1513 945 1563 VEHRUCOSSUS
955 1515 1024 1563 005.
1061 1514 1165 1563 ΑΝΝΟ
1178 1515 1260 1563 DXX.

338 1601 388 1646 DE
406 1596 598 1646 tractemus
1103 1600 1136 1648 K.
1156 1599 1260 1648 FEBR.

184 1687 225 1734 Μ’
242 1683 453 1734 POMPONIUS
468 1682 506 1729 Μ’
524 1681 553 1730 F.
572 1682 611 1730 Μ’
629 1683 663 1730 Ν.
681 1681 806 1729 ΜΑΤΠθ
824 1681 894 1730 008.
1067 1684 1153 1732 ΑΝΝ.
1178 1685 1262 1732 DXX.

338 1768 391 1817 DE
409 1766 566 1815 SAHDEIS
1017 1767 1141 1816 lutcus
1151 1767 1258 1816 MART.

237 1907 309 1973 Mor
334 1919 439 1973 tamen
460 1903 552 1971 Sardi
573 1905 688 1970 iterum
711 1903 913 1984 deiecerunt,
937 1906 1085 1972 adversus
1105 1930 1184 1997 quos
1205 1931 1256 1974 se-

190 2021 303 2113 quenti
322 2042 405 2085 anno
421 2018 515 2083 ambo
530 2017 675 2082 consules
692 2018 792 2096 missi3
813 2018 1012 2106 Ligustinum
1030 2019 1150 2086 bellum
1171 2044 1255 2087 auno

190 2139 256 2202 524
277 2133 318 2198 de
339 2154 422 2196 noro
440 2131 593 2220 agitatum
616 2142 672 2194 est.

238 2245 328 2310 Bello
354 2244 517 2333 Ligustino
532 2242 675 2308 ,Fabium
705 2240 867 2306 dedicasse
892 2244 1046 2334 templum
1070 2244 1203 2310 Virtutis
1224 2257 1257 2311 et

190 2359 331 2425 Honoris
357 2354 470 2423 Cicero
500 2367 509 2406 ¹
538 2354 629 2420 nobis
657 2366 768 2419 auctor
794 2365 860 2433 est,
885 2378 950 2444 quo
969 2368 1078 2421 tamen
1098 2356 1171 2421 loeo
1190 2380 1258 2425 non

190 2473 266 2539 satis
286 2470 487 2562 perspicuum
505 2480 569 2547 est,
592 2466 669 2558 quid
689 2466 749 2531 sibi
768 2467 844 2534 velit
863 2490 885 2532 >›
894 2467 1080 2535 Marcellum
1093 2491 1258 2536 renovasse

188 2586 346 2677 templum
381 2582 466 2674 quod
496 2581 605 2646 multis
634 2593 708 2646 ante
736 2580 826 2646 annis
851 2593 917 2646 erat
945 2579 1032 2646 bello
1053 2580 1257 2670 Ligustinoa

189 2699 292 2765 Fabio
328 2696 545 2774 dedicatum;''
584 2694 753 2761 oobaerere
791 2692 915 2761 ridetur
948 2707 1054 2760 tamen
1088 2696 1144 2761 illa
1173 2696 1258 2763 fama

188 2834 266 2878 cum
286 2812 376 2876 Lirin
395 2823 406 2860 2
426 2807 599 2885 scribente,
614 2808 783 2898 pontifices
795 2807 1028 2873 dedicationem
1040 2807 1258 2899 impedivisse,

190 2925 345 3016 quoniam
370 2946 433 2987 non
453 2921 579 2986 duobus
597 2921 656 2986 diis
676 2920 771 2986 simul
792 2943 840 2986 res
861 2920 986 2987 divinae
1007 2921 1077 2986 fieri
1093 2933 1257 3012 poterant,

188 3051 261 3103 tum
284 3035 454 3103 Marcellus
474 3033 601 3099 duobus
619 3033 682 3099 iltis
703 3033 870 3099 simulacra
891 3036 1012 3125 posuit,
1036 3036 1185 3124 separatis
1203 3059 1259 3102 ae·

188 3149 287 3215 dibus
308 3161 336 3228 ³,
360 3160 414 3214 aut
433 3160 469 3214 ut
488 3148 648 3213 Beckerus
666 3159 680 3198 4
700 3147 865 3238 opinatur,
881 3148 1178 3215 renovavittantum
1190 3148 1258 3213 llo·

189 3263 280 3331 noris
309 3262 484 3353 templum,
516 3259 602 3350 quod
629 3261 694 3325 iam
715 3273 791 3325 tunc
813 3260 934 3339 stabat,
958 3261 991 3325 in
1012 3283 1086 3326 eum
1108 3260 1257 3340 modum,

190 3401 258 3468 quo
278 3396 398 3441 uorum
419 3374 553 3438 Virtutis
574 3373 732 3463 templum
753 3372 944 3439 aedificarit.

238 3487 434 3555 Videbamus
460 3487 581 3552 bellum
611 3499 721 3552 contra
744 3486 874 3575 Ligures
896 3499 927 3552 et
949 3484 1065 3552 Sardos
1086 3487 1257 3576 quotannis

189 3605 234 3671 de
250 3603 484 3679 noroinstare,
506 3622 567 3665 nec
585 3599 717 3678 mirum,
741 3623 816 3665 nam
836 3596 1111 3688 Carthaginienses
1128 3621 1181 3663 eos
1199 3598 1257 3663 ad-

189 3738 300 3782 versus
330 3715 489 3780 Romanos
517 3711 730 3779 incitabant·
755 3710 823 3777 Nec
848 3724 954 3779 tamen
979 3712 1139 3776 llomanos
1156 3710 1256 3776 latere

185 3828 297 3920 potuit
325 3826 426 3906 illud,
448 3825 524 3892 hinc
545 3825 581 3910 Q.
604 3823 720 3890 Fabius
745 3825 921 3915 imperator
942 3836 955 3872 ⁵
976 3824 1142 3914 epistolam
1164 3822 1256 3888 dedit

188 3939 235 4006 ad
265 3937 405 4016 Poenos,
436 3961 499 4030 qua
527 3939 600 4004 satis
621 3960 679 4028 pro
698 3936 832 4026 imperio
854 3936 958 4001 hostes
979 3958 1031 4002 eos
1050 3934 1205 4000 indicaret
1223 3946 1257 4000 et

187 4052 283 4120 iussit
302 4051 413 4116 insulis
434 4051 563 4131 cedere,
587 4073 669 4143 quac
690 4051 907 4117 Romanorum
926 4060 1031 4127 erant,
1049 4048 1081 4112 in
1101 4048 1191 4113 cuius
1206 4048 1252 4113 rei
1323 4060 1326 4067 '

186 4167 422 4233 documentum
452 4162 573 4229 hastam
604 4176 636 4230 et
666 4163 841 4229 caduceum
866 4162 906 4228 ad
931 4187 983 4228 eos
1011 4161 1176 4241 mittebat,
1199 4174 1254 4227 aut

217 4438 651 4505 'mammen-cason.
702 4434 919 4504 ²)xxvt1.25.
971 4431 1261 4501 ⁵)v21.Max.11.e.›

176 4526 200 4597 ⁴)
222 4522 295 4575 Rem.
314 4522 365 4575 Au.
383 4527 405 4576 1.
423 4539 440 4574 1.
460 4527 518 4574 510.
573 4518 727 4588 ⁵)Gs11.'x.
748 4525 797 4595 27,
812 4521 903 4572 Zonar.
922 4520 1001 4572 vm.
1023 4524 1062 4570 tt.

1075 4605 1118 4666 20
