3190 5304
306 444 365 505 412
457 467 485 516 o.
507 465 610 510 ssorus
632 468 659 518 o.
682 468 708 511 s.
731 468 758 518 o.
780 467 808 511 n.
830 466 960 512 usrrrrns
980 468 1114 514 soonnos
1135 451 1209 536 (61).

307 653 462 727 mastico,
494 670 567 713 nam
601 647 727 712 nullum
760 644 854 712 buius
884 647 929 712 rei
955 647 1175 715 testimonium
1206 647 1373 717 habemus.

306 761 382 828 Fuit
408 761 461 827 hie
489 773 579 852 patre
607 760 758 851 nequior,
788 760 907 827 vixerat
933 762 1018 828 enirn
1041 762 1098 827 ille
1118 763 1215 853 paulo
1236 761 1368 829 liberius

306 876 450 941 ineunte.
468 886 571 940 aetate
601 872 656 938 sed
682 884 793 964 postea
823 873 905 939 bene
932 874 973 940 de
997 876 1099 965 putris
1123 876 1259 954 meruit;
1283 876 1368 941 filius

306 1001 415 1054 contra
442 1012 460 1052 a
485 984 639 1053 Cicerone
660 987 801 1053 omniurn
821 986 1018 1077 perditorum
1040 989 1151 1055 similis
1176 987 1311 1068 dicitur,
1333 1000 1368 1053 ut

306 1113 387 1168 esset
410 1101 503 1166 facile
528 1100 727 1166 deterrimos.

350 1213 516 1280 interdixit
536 1236 609 1303 ergo
630 1213 678 1278 illi
695 1212 732 1296 Q.
749 1213 919 1304 Pompeius
933 1225 1061 1304 praetor
1076 1214 1218 1280 urbanus
1234 1227 1367 1306 paterna.

304 1328 405 1407 bona,
434 1339 470 1393 ut
491 1328 534 1392 sic
554 1325 710 1393 dedecore
727 1348 831 1391 moros
851 1325 1064 1406 nudarentur,
1088 1327 1218 1418 publica
1250 1330 1367 1395 severi·

304 1454 368 1507 tate
396 1439 612 1508 exheredatus.
666 1437 734 1505 Nec
765 1439 850 1504 ullus
881 1439 914 1504 in
945 1451 1033 1506 tanta
1063 1441 1190 1507 civitate
1220 1441 1366 1508 inventus

304 1577 370 1622 esse
389 1555 506 1634 fertur,
525 1555 582 1645 qni
602 1554 766 1620 decretum
780 1551 868 1618 'illud
889 1553 1145 1643 reprehenderet.

351 1669 475 1736 Accidit
505 1667 566 1733 boc
595 1688 679 1732 enno
708 1670 793 1745 663,
827 1678 904 1731 tunc
933 1667 1018 1733 enirn
1047 1667 1216 1757 Pompeius
1239 1680 1365 1759 praetor

302 1796 370 1850 erat
391 1795 419 1861 ¹,
442 1782 499 1873 qui
519 1792 633 1871 quarto
652 1802 735 1844 anno
752 1792 824 1870 post
845 1781 957 1846 consul
974 1780 1044 1847 luit.
1081 1780 1297 1847 Exheredatus
1318 1792 1363 1847 est

300 1910 370 1990 post
397 1896 495 1988 patris
523 1904 673 1973 mortem,
704 1897 759 1984 qui
779 1895 878 1961 nimia
896 1893 1096 1985 indulgentia
1118 1918 1192 1960 eum
1212 1894 1360 1961 heredem

303 2012 483 2101 scripserat,
507 2031 583 2096 ergo
603 2017 754 2096 prosecta
781 2017 883 2072 aetate
904 2011 947 2074 30
965 2009 1054 2073 annis
1072 2020 1143 2097 post
1162 2008 1361 2074 consulatum

303 2125 388 2190 diem
407 2122 463 2187 ille
484 2121 605 2186 obierat
623 2141 817 2208 supremum.

346 2234 548 2327 Rupertius²
571 2235 707 2323 turpiter
725 2232 831 2320 lapsus
852 2243 917 2310 est,
943 2231 998 2297 ubi
1010 2234 1207 2324 Allobrogici
1219 2244 1360 2299 nostrum

301 2350 405 2415 filium
432 2347 511 2412 dixit
540 2344 577 2429 Q
605 2345 739 2410 Fabium
768 2344 960 2424 Persicum,
989 2348 1046 2435 qui
1073 2347 1196 2412 luxuria
1230 2346 1360 2438 quidem

299 2460 443 2552 perditus
470 2469 537 2524 erat
565 2468 644 2522 teste
674 2454 794 2521 Seneca
822 2464 851 2534 ³,
882 2478 989 2523 rerum
1012 2457 1071 2521 sub
1092 2457 1226 2523 Traiano
1248 2459 1359 2524 consul

299 2575 361 2640 fuit
388 2575 470 2650 786,
499 2592 558 2636 neo
585 2569 695 2653 Quinti
714 2591 823 2635 rerum
846 2568 937 2633 Pauli
957 2572 1164 2660 praenomine
1182 2570 1359 2662 gandebat3

299 2710 358 2755 neo
383 2696 509 2777 poterat
536 2682 618 2749 illud
637 2685 788 2771 »nuper''
808 2681 893 2772 apud
915 2681 1070 2748 Senecam
1089 2683 1129 2748 de
1148 2707 1186 2749 oo
1205 2706 1271 2750 esse
1291 2683 1359 2749 dic-

298 2814 383 2878 tum,
407 2799 463 2888 qui
485 2800 548 2864 150
566 2797 656 2862 annis
676 2806 750 2861 ante
770 2796 856 2862 risit.

622 3158 625 3161 “
679 3136 859 3211 CAPUT
890 3135 970 3210 XV.

405 3301 545 3362 oorrrros
567 3300 685 3348 moros
708 3300 737 3360 o.
762 3299 790 3346 r.
816 3299 844 3359 o.
869 3299 898 3345 n.
923 3298 1072 3349 usurum
1095 3301 1245 3351 unsaros
1357 3294 1360 3299 ⁴

651 3412 778 3459 rursus
801 3411 887 3458 rorrs
912 3393 995 3483 (51).

643 3548 661 3629 §
688 3547 714 3611 1.
762 3544 953 3635 Agnomr‘no
978 3556 1002 3608 ⁴.

335 3701 437 3768 Huius
448 3698 624 3789 agnominis
637 3696 852 3763 obscuriorem
870 3696 1115 3787 explicationem
1126 3695 1215 3763 dedit
1226 3698 1353 3780 Festus,

288 3839 351 3884 non
382 3815 438 3880 ubi
467 3812 563 3880 tradit
596 3810 731 3877 Fabium
760 3823 890 3902 propter
917 3810 1088 3877 candorem
1112 3810 1234 3878 dictum
1256 3813 1354 3878 luisse

289 3930 472 4007 liburnum,
496 3925 583 4017 quod
602 3948 660 4017 per
681 3948 713 3992 se
733 3924 939 4014 intelligitur,
963 3936 998 3988 ut
1016 3946 1099 4015 quae
1118 3922 1212 3989 huius
1229 3926 1352 4016 generis

288 4055 362 4110 suut
400 4040 518 4120 Albus,
558 4038 688 4118 Calvus,
726 4039 857 4117 Florus,
895 4038 1033 4117 Fuscus,
1066 4037 1187 4119 Rufus;
1218 4040 1350 4106 alteram

286 4158 370 4224 volo.
420 4154 552 4244 Antiqui
577 4155 705 4244 pullum
733 4150 881 4219 dicebant
900 4174 1056 4243 puerum,
1080 4174 1176 4242 quem
1198 4152 1269 4243 quis
1290 4153 1351 4219 ob·

313 4359 333 4427 ¹)
351 4361 404 4413 cie.
430 4358 460 4408 de
484 4365 546 4407 orat.
573 4358 596 4408 1.
616 4361 648 4408 37
670 4358 683 4422 6
707 4361 763 4408 168.
851 4355 872 4421 ²)
894 4355 1015 4407 Coronaest.
1043 4357 1078 4407 ad
1102 4355 1182 4408 quen.
1207 4360 1284 4409 VIII.
1316 4365 1358 4410 la.

278 4444 299 4514 ⁵)
316 4443 359 4495 De
375 4445 424 4493 ben.
442 4443 479 4494 II.
498 4447 544 4504 21,
561 4444 611 4493 IV.
630 4448 671 4492 3⁰.
724 4441 745 4509 *1
761 4442 829 4496 Fest.
844 4460 868 4497 r.
879 4440 969 4494 Pullus
986 4441 1052 4494 Iovis
1069 4459 1093 4507 p.
1113 4449 1178 4506 245,
1195 4443 1278 4495 Psull.
1293 4444 1356 4496 ibid.

278 4547 303 4595 p.
322 4534 385 4591 2445
403 4528 500 4581 Arnob.
518 4525 574 4583 adv.
591 4535 653 4593 pent.
671 4528 719 4582 1v.
740 4531 781 4579 26.
