3210 5300
345 412 407 474 290
519 431 547 480 o.
568 431 671 474 ruerus
693 433 720 482 e.
743 433 771 474 r.
793 416 824 473 n'.
846 430 874 471 n.
895 429 1024 481 narinus
1045 431 1159 476 cuncus
1180 415 1254 498 (23).

352 611 498 699 gessisse,
535 633 634 700 quum
672 610 775 678 lilium
804 609 927 677 infestis
947 608 1094 677 ⁴hostium
1124 612 1195 681 telis
1225 613 1413 681 conclusum

354 723 672 803 ridere131nilaliud
693 736 741 790 est
761 746 856 814 quam
879 735 989 791 ornata
1010 725 1108 803 fama,
1127 725 1214 814 quod
1236 726 1338 791 lilium
1360 728 1419 793 ad-

354 838 468 903 iuverit
498 839 530 903 in
560 838 691 926 praelio.
747 836 894 925 Denique
923 837 1047 902 auxiliis
1071 848 1103 902 et
1127 839 1268 905 consiliis
1295 839 1418 931 Gurgiti
1487 919 1490 925 ¹

356 951 474 1030 adluit,
508 952 560 1016 cui
589 952 634 1016 sic
661 950 796 1040 contigit
815 948 973 1017 Samnites
993 972 1156 1040 superare,
1180 975 1260 1041 quos
1280 953 1421 1025 devictos

356 1062 464 1129 castris
496 1074 631 1141 eruunt,
663 1084 839 1151 eurumque
868 1061 982 1127 ducem
1013 1084 1086 1131 cum
1114 1077 1253 1153 quatuor
1277 1067 1418 1133 millibus

356 1199 483 1242 suorum
505 1178 666 1265 captivum
685 1175 865 1254 abducunt,
889 1176 966 1243 dum
982 1177 1209 1266 vigintimillia
1226 1201 1314 1249 caesa
1335 1193 1419 1249 sunta

356 1288 580 1355 Gravissimum
602 1289 682 1354 illud
701 1288 859 1378 proelium
879 1300 1009 1378 propter
1029 1287 1116 1355 hunc
1137 1293 1255 1361 exitum
1277 1294 1416 1363 multum

355 1402 459 1467 euasit
489 1402 528 1467 ad
557 1400 739 1468 Samniticis
765 1401 859 1468 bellis
878 1402 976 1467 linem
996 1401 1243 1492 imponendum,
1267 1419 1303 1473 ut
1324 1407 1417 1477 facile

354 1515 554 1605 intelligitur.

648 1676 665 1758 §
693 1676 721 1739 4.
768 1672 840 1739 Pro
863 1674 994 1739 consule
1018 1676 1083 1740 463
1101 1685 1125 1740 ¹.

398 1854 472 1921 Non
493 1854 598 1919 statim
621 1856 744 1942 Gurges
764 1877 801 1919 er
823 1853 885 1919 boc
904 1877 1050 1925 successu
1072 1855 1205 1923 Romam
1228 1854 1341 1934 rediit,
1363 1857 1417 1923 sad

352 1968 474 2034 bellum
493 1979 680 2058 persecutus
699 1968 886 2062 Pentrorum
908 1991 1019 2057 agrum
1038 1969 1123 2034 eirca
1143 1969 1319 2039 Bovianum
1340 1971 1417 2039 sub·

353 2081 418 2170 egit
439 2079 872 2170 rebellantesqueGamnites
892 2092 1091 2171 terramque
1118 2081 1236 2172 praeda
1261 2083 1416 2151 multavit.

353 2194 465 2276 linum·
480 2194 542 2260 iam
564 2194 685 2260 bellum
707 2193 747 2259 ad
765 2193 1312 2286 optatum‹linomiacilins-perduci
1327 2218 1418 2285 passu

351 2305 520 2373 ridebatur
544 2306 626 2372 duce
652 2307 775 2385 occiso,
798 2305 919 2397 placuit
931 2306 1082 2394 patribus
1102 2306 1228 2398 Gurgiti
1248 2308 1417 2399 imperium

351 2441 540 2508 prorogare,
570 2432 710 2485 attamen
738 2420 770 2484 in
796 2442 846 2485 ser
875 2442 1013 2499 mensas,
1043 2432 1079 2486 ut
1100 2419 1255 2511 triumphi
1274 2423 1341 2489 dies
1361 2444 1418 2491 au·

352 2534 433 2599 nuit.
483 2532 576 2598 l‘ater
604 2531 790 2622 proconsuli
817 2555 947 2622 quoque
973 2532 1092 2612 adfuit,
1118 2533 1180 2605 sub
1199 2557 1265 2624 quo
1283 2535 1422 2605 libenter

354 2646 431 2711 socii
457 2645 609 2710 militasse
635 2644 824 2721 traduntur,
852 2657 884 2711 et
910 2643 1103 2715 Samnitium
1131 2647 1226 2715 urbes
1249 2649 1369 2740 cepisse
1390 2661 1419 2729 2;

355 2758 453 2824 etlam
482 2769 560 2823 tuuc
588 2757 692 2824 filium
716 2756 761 2823 ita
786 2757 962 2838 adiuvavit,
987 2772 1022 2827 ut
1042 2759 1096 2827 hic
1118 2760 1225 2827 omnia
1243 2782 1352 2851 gerere
1373 2764 1419 2829 ri·

355 2871 493 2936 deretm.

355 3010 358 3017 ⁴
405 2981 587 3049 Cominium
608 2982 754 3063 obsessis,
777 2984 831 3051 sed
853 3007 952 3074 quum
972 3007 1083 3075 parum
1104 2984 1242 3066 abesset,
1257 2989 1336 3077 quin
1353 3012 1421 3055 eam

357 3106 500 3187 ciperet,
524 3096 634 3162 consul
658 3095 691 3163 L,
710 3097 891 3165 Postumius
906 3097 1063 3186 Megellus
1081 3099 1173 3165 Fabii
1192 3100 1340 3169 inimicus
1356 3125 1421 3181 nun

358 3208 483 3275 ferebat
513 3208 652 3299 Gurgitis
679 3222 884 3301 prorogatum
909 3210 1099 3300 imperium,
1119 3211 1165 3279 ita
1190 3225 1227 3279 ut
1252 3236 1325 3283 eum
1348 3239 1424 3305 pro·

356 3322 462 3388 vincia
486 3321 641 3388 decedere
660 3322 795 3389 iuberet.
842 3322 978 3391 Senatus
997 3324 1117 3414 legatos
1140 3326 1226 3392 misit
1248 3328 1287 3394 ad
1306 3350 1422 3395 consu·

355 3433 424 3501 lem
446 3445 686 3511 contumacem,
716 3432 773 3500 sed
800 3433 1008 3523 ignominiose
1031 3459 1087 3502 eos
1107 3439 1246 3530 suscepit
1268 3453 1301 3506 et
1330 3441 1422 3517 armis

358 3546 463 3634 coegit
487 3545 622 3613 Fabium
647 3545 829 3636 relinquere
849 3547 1046 3637 provinciam
1068 3573 1168 3619 suam.

403 3657 484 3724 Gum
512 3656 709 3723 Samnitibus
734 3681 833 3748 quum
856 3659 896 3725 de
916 3683 997 3750 paca
1015 3676 1139 3753 ageret,
1163 3662 1238 3730 buia
1258 3665 1420 3758 colloquio

357 3771 528 3840 Rullianus
544 3782 674 3860 quoque
692 3769 837 3839 interfuit
853 3772 1028 3841 seeundum
1042 3775 1203 3851 Valerium
1214 3777 1387 3847 Maximum
1399 3794 1423 3859 ³,

362 3886 419 3977 qui
436 3883 528 3955 nobis
543 3896 655 3951 auctor
670 3896 716 3950 est
731 3886 833 3955 filium
851 3887 1000 3957 lusitasse
1013 3902 1149 3980 patrem,
1165 3904 1201 3959 ut
1217 3918 1301 3985 pone
1316 3896 1420 3987 prori-

358 4022 449 4067 mum
461 3998 606 4063 lictorem
616 3998 838 4087 praecederet,
858 4022 899 4069 ue
918 4002 1000 4068 forte
1020 4002 1160 4073 bostium
1177 4006 1271 4077 turba
1286 4008 1420 4077 elidere·

361 4122 424 4192 tur,
436 4111 489 4177 sed
505 4109 609 4177 noluit
625 4122 716 4199 pater
727 4111 789 4181 boc
800 4113 863 4179 lrui
875 4114 1010 4195 honore,
1026 4119 1082 4207 qui
1092 4119 1288 4209 imperatoris
1299 4133 1420 4193 tautum

360 4239 436 4294 erat.
484 4223 674 4291 Dubitatum·
691 4237 755 4306 est,
779 4250 820 4297 au
839 4227 902 4297 boc
921 4232 1029 4320 negati
1048 4231 1178 4303 bonoria
1196 4232 1420 4305 documentum

359 4473 399 4540 4)
417 4472 651 4525 niue.1·1at.xvl.
664 4467 812 4534 lbfflonur.
823 4478 900 4529 vm.
918 4483 940 4528 l.
993 4476 1138 4547 ²}·Ilulmp.
1151 4483 1190 4533 11.
1206 4488 1230 4535 9.
1282 4480 1421 4552 blind
