3210 5300
558 446 578 529 a
601 449 648 511 rc.
669 467 778 512 corsua
801 451 834 513 v.
856 450 925 512 aas.
1217 436 1278 514 arc

202 642 386 710 Senonibus
412 640 564 707 scribenti
590 640 675 707 nulli
704 664 769 708 non
798 640 930 707 historia
949 641 1068 708 Brenni
1087 652 1119 707 et
1138 639 1270 708 Glusina

200 756 361 849 expeditio
378 758 410 824 in
427 768 568 823 mentem
587 756 744 823 seniebat.
776 755 908 822 Liviana
923 756 1062 821 narratio
1077 767 1199 846 pugnat
1210 779 1270 848 pro

203 870 330 952 Clusio,
353 893 435 960 quae
459 869 634 960 spernenda
656 881 717 949 est,
746 868 824 936 siin
847 869 980 936 Umbria
1006 882 1183 961 pugnatum
1204 892 1271 936 esse

201 997 334 1053 constat.
374 982 538 1050 Haalrhius
558 984 651 1075 ponit
669 982 803 1050 Fabium
822 982 988 1073 reliquisse
1002 982 1162 1073 legionem
1178 984 1272 1049 istam
1335 1022 1338 1025 Α

201 1098 235 1163 ia
255 1098 397 1177 Etruria,
421 1119 503 1186 quae
525 1095 665 1162 reditum
685 1097 753 1162 eins
771 1107 932 1175 tueretur3
949 1108 1018 1161 tum
1035 1095 1137 1161 credit
1156 1117 1271 1185 agmen

205 1208 371 1276 Gallorum
385 1205 549 1274 Senonum
559 1229 618 1297 per
633 1207 748 1273 saltum
761 1207 941 1275 Ariminum
953 1208 1085 1273 intrasse
1097 1209 1272 1286 Etruriam,

203 1321 280 1388 dum
308 1321 445 1386 alterum
473 1342 586 1410 agmen
605 1331 687 1387 esset
710 1319 744 1385 in
762 1342 838 1410 agro
857 1318 1008 1401 Sentino,
1032 1319 1087 1386 sed
1107 1342 1172 1385 non
1192 1344 1272 1412 opus

203 1447 251 1500 est
268 1445 304 1500 ut
323 1433 442 1524 duplex
460 1457 573 1524 agmen
589 1433 672 1499 illud
692 1433 784 1499 nobis
802 1455 972 1499 sumamus.
1005 1430 1138 1499 Constat
1158 1456 1274 1524 nempe

204 1570 344 1639 pugnarn
365 1546 453 1613 illam
483 1570 547 1612 non
568 1546 735 1626 accidisse,
759 1569 859 1637 quum
880 1545 997 1613 Eubius
1025 1545 1130 1612 adhuc
1154 1547 1276 1614 Romae

202 1661 345 1751 degeret,
368 1683 478 1727 rerum
500 1659 585 1726 baud
606 1661 651 1726 ita
668 1660 724 1728 diu
745 1673 820 1726 ante
841 1660 1016 1727 secundum
1036 1660 1212 1752 proelium,
1237 1672 1272 1725 ut

202 1774 356 1862 Polybius
376 1773 491 1841 diserte
510 1785 659 1853 testatur3
684 1773 710 1839 si
730 1774 816 1840 enim
836 1773 892 1839 diu
912 1784 987 1839 ante
1008 1772 1186 1852 accidisset,
1210 1756 1274 1838 alio

202 1886 300 1953 modo
329 1887 478 1954 adsersus
498 1885 623 1954 hostem
644 1886 738 1953 illum
763 1887 960 1978 superiorem
986 1887 1141 1953 exercitus
1164 1884 1274 1952 educti

200 2011 321 2079 essent,
336 2015 405 2066 'nec
435 2001 469 2065 in
491 1999 642 2065 hostilem
671 2012 786 2066 terram
808 2000 1043 2090 processissent.
1092 1997 1174 2064 Cum
1193 1998 1273 2064 Nie-

202 2114 320 2179 buhrio
349 2125 455 2179 autem
486 2113 581 2179 fusile
609 2112 799 2179 crediderim
827 2113 859 2177 in
887 2111 1022 2178 Umbria
1042 2112 1163 2176 stetisse
1183 2110 1274 2176 illam

201 2226 377 2317 legionem,
414 2248 496 2316 quae
522 2226 708 2317 prohiberet
736 2250 776 2292 ne
810 2224 895 2292 Galli
921 2248 954 2290 se
973 2246 1048 2290 curn
1077 2222 1276 2290 Samnitibus

200 2339 385 2430 iungerent;
404 2339 464 2406 hac
481 2340 566 2406 enim
587 2340 709 2405 ratione
735 2338 871 2405 Romani
898 2338 1005 2404 conati
1027 2350 1114 2415 sunt,
1137 2348 1173 2402 ut
1193 2358 1274 2427 qua-

199 2452 378 2543 druplicem
399 2451 525 2518 hostem
552 2453 768 2542 seiungereut,
787 2449 1059 2541 quemadmodum
1078 2449 1133 2515 alii
1154 2450 1276 2514 exerci-

200 2578 252 2631 tus
272 2565 434 2631 Etruriam
455 2565 653 2631 lacesserent.
692 2567 841 2630 Attamen
860 2586 926 2629 non
947 2563 1127 2653 arripienda
1147 2562 1273 2629 videtur

201 2677 333 2743 Liviana
362 2679 446 2744 fama
476 2677 726 2768 haudquaquam
758 2677 953 2756 verisimilis,
985 2676 1131 2742 consules
1158 2698 1272 2767 nempe

124 2800 130 2813 ‘
201 2791 370 2881 imperasse
392 2789 566 2856 Volumnio
588 2802 623 2856 nt
643 2812 681 2855 er
702 2787 833 2854 Samnio
855 2788 1039 2866 accederet,
1062 2788 1156 2853 nimis
1176 2786 1272 2877 longe

201 2902 309 2969 aberat
335 2903 407 2982 ille,
436 2902 477 2968 ad
506 2903 671 2969 Tifernum
695 2901 818 2992 opiner,
834 2900 1010 2967 lacessebat
1029 2901 1160 2990 quidem
1179 2900 1274 2967 Sam·

200 3016 282 3082 nites
301 3016 335 3080 in
355 3039 413 3081 suo
432 3039 523 3105 agro,
543 3016 597 3081 sed
616 3039 682 3081 nou
702 3026 828 3104 poterat
847 3037 922 3080 cum
938 3015 1118 3104 legionibus
1137 3016 1171 3080 in
1191 3014 1273 3081 Um·

201 3130 302 3195 briam
329 3130 507 3220 peruenire.
552 3127 626 3195 Non
653 3128 750 3194 credo
778 3127 870 3193 Eabii
899 3126 1031 3192 alteram
1060 3128 1219 3217 legionem
1239 3140 1272 3194 et

198 3266 278 3334 quas
297 3241 337 3306 ab
359 3243 461 3333 Appio
479 3254 673 3332 susceperat,
690 3241 813 3308 stetisse
831 3241 865 3306 in
889 3241 1003 3306 ricinia
1024 3240 1065 3305 ad
1084 3239 1271 3319 Nuceriam,

201 3379 275 3420 nam
287 3377 346 3420 cur
361 3379 425 3421 non
444 3355 677 3435 subvenissent,
700 3366 756 3419 aut
775 3376 833 3420 cur
850 3377 916 3418 non
935 3375 989 3417 eos
1009 3353 1145 3442 aggressi
1164 3366 1270 3418 essent

200 3469 287 3535 Galli
311 3469 460 3547 victores,
494 3492 559 3559 quo
577 3468 675 3533 modo
705 3466 739 3531 hi
768 3465 807 3531 ad
836 3464 1006 3531 Sentinum
1035 3466 1269 3554 perrexissent?

244 3582 345 3648 Paulo
376 3583 469 3648 aliter
496 3606 546 3649 res
575 3605 641 3648 sese
673 3580 822 3645 habuisse
851 3578 995 3658 ridetur,
1019 3578 1094 3643 dum
1124 3579 1270 3675 consules

200 3696 386 3786 frequenter
413 3709 515 3763 castra
536 3708 698 3762 mutantes
719 3694 751 3758 in
773 3692 940 3759 Gallorum
969 3713 1080 3781 agrum
1109 3692 1269 3757 venissent

200 3809 324 3874 bostem
345 3811 517 3899 agressuri,
546 3831 641 3874 unam
660 3808 821 3896 legionem
842 3805 997 3870 orientem
1016 3826 1124 3869 uersus
1142 3802 1182 3868 ad
1204 3804 1268 3869 sal-

199 3935 267 3987 tum
288 3921 382 3986 illum
402 3922 603 3998 locaverant,
627 3943 723 4011 quem
749 3919 906 3989 Samnites
945 3931 980 3983 ut
1008 3941 1042 3983 se
1063 3939 1136 3982 cum
1169 3917 1268 3982 Gallis

199 4037 385 4125 iungerent,
408 4035 541 4100 transire
562 4033 732 4100 debebant.
781 4031 841 4095 llic
867 4029 952 4096 Galli
975 4029 1116 4096 Senones
1136 4029 1269 4120 necopi-

200 4161 276 4214 nato
297 4147 432 4238 aggressi
454 4160 527 4213 suut
548 4146 752 4238 Scipionem,
777 4145 826 4210 rix
847 4144 1019 4210 terminum
1042 4165 1150 4221 suum,
1171 4142 1267 4208 henin

200 4262 333 4328 fluvium
352 4283 487 4350 nempe,
512 4261 711 4350 transgressi3
734 4259 805 4324 loca
823 4259 881 4324 ista
894 4280 958 4324 non
980 4256 1060 4323 adeo
1071 4256 1207 4335 distant,
1228 4268 1264 4321 ut

199 4375 258 4441 ista
276 4374 419 4465 opinioni
437 4386 562 4439 nostrae
583 4375 707 4439 obstare
725 4371 910 4450 rideantur,
934 4394 993 4437 nec
1011 4394 1090 4461 opus
1106 4382 1154 4435 est
1170 4369 1270 4459 igitur·

200 4500 234 4555 ut
261 4488 302 4554 ad
330 4489 466 4555 alterum
498 4487 664 4553 Gallorum
694 4509 808 4577 agmen
839 4507 1056 4564 recurramus,
1090 4482 1176 4574 quod
1208 4506 1266 4573 per
