3154 5294
345 425 367 508 5
386 426 416 489 6.
437 442 581 487 nrorrron
603 423 746 505 maslot.
767 423 829 506 57.
851 442 960 488 censor
981 426 1051 488 4¹2.
1176 425 1235 491 117

166 622 252 686 nario
272 621 329 686 illo
347 621 529 711 magistratu
550 642 629 709 opus
653 633 719 686 eret
743 620 789 687 rei
812 619 974 712 gerundae
990 640 1099 700 cause,
1121 618 1225 689 hostes

163 735 225 800 inm
241 733 387 799 'ederant
417 754 475 799 nec
503 733 646 799 consules
666 733 875 802 sufficiebant.
924 730 1046 824 Opinor
1063 756 1137 800 eum
1158 757 1224 802 esse

163 848 288 914 dictum
308 847 442 913 comitiis
459 842 630 926 habendis,
653 859 689 911 ut
705 868 802 937 penes
820 847 1124 938 patricios'potestas
1145 859 1224 913 esset

163 960 385 1039 comitiorum,
401 982 465 1025 non
483 960 568 1025 enirn
586 959 663 1025 huic
673 960 719 1026 rei
729 960 1068 1039 sufficiebntiutetrer,
1083 961 1129 1025 sic
1139 983 1224 1026 anno

160 1076 239 1139 ante'
264 1072 316 1139 vel
340 1076 379 1140 12
401 1073 579 1164 interregno
600 1074 741 1154 fuerant,
764 1086 796 1140 et
819 1071 948 1139 tandem
969 1072 1009 1138 de
1027 1072 1122 1162 plebe
1142 1094 1222 1137 unus

160 1186 274 1252 consul
305 1185 408 1251 fectus
426 1198 503 1254 erat.
550 1184 664 1277 Neque
683 1187 818 1257 dictator
838 1199 945 1252 tamen
965 1186 1073 1276 potuit
1097 1208 1163 1251 rem
1183 1185 1223 1251 ad

160 1312 305 1389 optatum
326 1299 422 1365 linem
442 1297 632 1389 perducere,
657 1322 722 1391 quo
740 1300 908 1366 abdicante
926 1301 1040 1366 iterum
1066 1297 1222 1388 interreg·

159 1421 237 1477 unm
263 1412 413 1477 inierunt.
460 1412 544 1479 Fieri
566 1426 674 1478 tamen
694 1424 816 1502 potest,
842 1424 877 1477 ut
896 1411 1060 1481 annalium
1080 1422 1223 1477 auctores

161 1524 199 1588 ad
219 1524 459 1614 explicandum,
483 1548 543 1591 cur
561 1526 675 1593 iterum
692 1526 788 1593 ambo
805 1525 930 1616 patricii
949 1526 1045 1590 creati
1064 1523 1143 1603 sint,
1167 1547 1221 1590 er·

159 1638 367 1704 traordinario
383 1639 563 1730 magistratu
583 1658 662 1728 opus
681 1661 746 1705 esse
767 1632 977 1716 crediderint,
994 1636 1223 1702 nndehiodic·

160 1762 311 1836 tutorem,
330 1752 384 1819 ille
404 1751 580 1843 interreges
597 1750 788 1818 introduxit.'
804 1750 950 1841 Denique
960 1772 1125 1840 poscumus
1139 1752 1223 1815 eius-

160 1864 282 1930 cemodi
301 1865 472 1930 dictaturas
491 1865 523 1930 in
544 1864 678 1931 dubium
699 1882 828 1944 rotare,
850 1886 913 1929 non
931 1877 1021 1930 certo
1041 1863 1221 1953 explodere.

439 2050 459 2133 e
486 2050 517 2114 o.
562 2046 720 2115 notator
745 2046 892 2122 eoasroa
918 2059 966 2123 ι,

248 2208 277 2255 u.
295 2166 398 2256 ruerus
417 2206 444 2255 u.
455 2192 488 2256 r.
507 2207 537 2254 n
556 2206 583 2254 u.
603 2204 748 2254 uumerus
765 2204 839 2253 our.
854 2202 948 2254 coner.
967 2202 1091 2253 ameno.
1108 2205 1132 2252 e.

248 2291 274 2353 o.
293 2290 441 2340 secunus
460 2292 486 2354 Q.
505 2291 531 2340 r.
548 2289 574 2353 o.
594 2290 621 2340 n.
639 2290 736 2339 ruine
754 2290 823 2338 ure.
842 2289 886 2352 eo.

202 2422 253 2490 Ob
273 2448 343 2490 eam
363 2447 505 2504 causam,
530 2445 625 2514 quam
646 2422 742 2488 modo
759 2421 922 2500 dicebam,
946 2419 1130 2486 dictatorem
1152 2420 1221 2486 dic·

160 2547 225 2602 tum
255 2559 322 2601 esse
353 2558 594 2627 nonnumquam
626 2534 720 2601 docet
751 2533 881 2599 historia
910 2530 1004 2599 huius
1029 2532 1135 2611 Fabii,
1165 2534 1222 2625 qui

158 2662 227 2739 post
249 2661 311 2715 tres
327 2649 513 2714 consulatus
532 2647 690 2715 dictatura
710 2648 839 2713 functus
858 2659 922 2726 est;
945 2668 1005 2712 nec
1025 2648 1141 2712 mirum
1162 2671 1220 2738 pa-

157 2762 264 2826 tricios
285 2761 385 2827 Fabio
405 2760 467 2826 hoe
486 2761 651 2828 mandasse
667 2783 799 2841 munus,
823 2761 879 2851 qui
897 2761 946 2827 bis
963 2761 1100 2826 interrex
1118 2783 1220 2850 quum

155 2887 250 2952 esset,
286 2873 365 2939 duos
391 2875 542 2949 consules
570 2875 721 2966 patricios
749 2875 1005 2956 renunciaturum
1035 2874 1219 2965 praesertim

155 3009 254 3076 quum
274 2985 388 3052 eodem
417 2982 583 3053 illo'annb
611 2984 647 3052 (l.
676 2984 828 3064 Marcius,
849 2985 1045 3075 qui'primus
1065 2984 1105 3050 de
1123 2984 1219 3074 plebe

155 3099 294 3175 dictator
316 3100 437 3178 luerat,
460 3100 500 3165 ad
520 3120 685 3167 censuram
703 3098 905 3188 pervenisset.
954 3098 1095 3163 llrentus
1114 3110 1218 3163 tamen

153 3212 331 3293 diuoluit,
355 3234 393 3279 er
414 3225 550 3304 utroque
572 3211 683 3278 ordine
701 3211 822 3301 prodiit
842 3210 966 3276 consul.

513 3398 532 3485 ᾖ
557 3398 587 3460 7.
638 3389 761 3467 Censor
787 3396 860 3459 412.
960 3366 963 3375 .

311 3555 343 3602 ld.
361 3551 461 3601 Fletus
479 3551 508 3601 ll.
526 3552 551 3601 F.
570 3553 600 3601 li.
619 3552 646 3601 N.
665 3551 821 3601 lllllllSTUS.

302 3638 342 3688 bl.
362 3636 600 3707 rueretrueret.
617 3636 641 3686 C.
660 3636 688 3685 ll.
706 3636 826 3685 LAENAS.
879 3633 905 3681 L.
924 3634 949 3682 F.
966 3632 1042 3682 XXll.

177 3775 242 3840 Er
269 3795 325 3851 eo,
358 3772 445 3863 quod
465 3772 591 3871 ⁸Plinius
613 3784 625 3824 ²
646 3771 740 3837 nobis
758 3769 888 3836 tradidit
906 3761 1053 3835 Marcum
1071 3782 1213 3836 nostrum

150 3880 486 3976 'principem-senatui
513 3884 625 3964 luisse,
657 3885 800 3975 sequitur
820 3886 952 3948 censura
973 3905 1046 3948 eum
1066 3883 1212 3949 sunctum

154 4006 234 4079 eeee3
257 3998 436 4089 principem
450 4011 461 4049 ³
473 3999 569 4065 xenirn
585 4018 623 4063 er
641 4020 730 4066 more
751 4023 768 4064 a
788 3997 962 4064 maioribus
983 3995 1114 4071 tradito,
1137 4019 1211 4062 eum

155 4110 324 4201 legebant,
338 4112 394 4203 qui
417 4113 538 4204 primus
560 4134 675 4178 censor
699 4113 811 4193 eriis,
835 4112 891 4202 qui
914 4111 1071 4188 virerent,
1090 4109 1210 4177 fuisset,

151 4222 296 4305 Quonam
327 4247 411 4290 anuo
438 4225 668 4316 amplissimum
689 4246 805 4291 munus
824 4224 954 4314 gesserit
975 4245 1040 4288 non
1059 4223 1209 4315 traditur,

176 4478 197 4550 ¹)
214 4482 271 4535 nn.
289 4480 351 4537 vrr.
370 4488 417 4548 22,
437 4483 513 4538 v111.
530 4486 570 4532 ea.
624 4479 645 4548 η
663 4479 699 4530 H.
710 4478 821 4532 mvn.
837 4485 878 4530 n.
931 4477 952 4550 ὁ)
969 4482 1025 4533 nrt.
1041 4481 1159 4535 xxvrr.
1176 4489 1215 4533 n.
