3190 5304
296 449 318 533 §
337 449 368 511 ³.
389 464 521 511 Incarus
542 466 580 508 ao
600 465 724 511 rsustau
745 447 816 509 600.
836 446 857 529 5
874 446 903 510 d.
925 464 1056 510 sanares
1076 446 1146 510 601.
1207 447 1268 511 663

203 644 247 711 60
273 666 399 710 causam
429 644 552 733 saepius
582 643 717 709 Romam
746 643 852 721 venit,
884 643 1007 708 senatui
1035 641 1201 710 blandiens
1227 666 1269 709 nc

203 757 437 848 opprimeretur
465 756 598 823 scilicet.
645 756 746 822 llrant
772 767 880 821 autem
901 754 1096 822 infestissimi
1117 755 1269 822 Romanis

202 893 256 936 rer
266 869 376 958 Syriae
396 881 429 936 et
445 869 525 936 alter
541 868 599 935 ille
616 869 757 951 Prusias,
777 869 834 960 qni
848 868 1017 957 Bithyniae
1033 880 1194 959 praeerat,
1212 871 1269 961 qui

203 996 280 1049 tnnc
308 983 414 1072 palam
446 995 522 1050 tunc
547 984 630 1049 clam
660 982 767 1049 Attalo
794 981 1039 1061 insidiebantur3
1066 981 1142 1048 hinc
1167 1005 1269 1048 norae

199 1098 234 1164 in
263 1108 374 1162 senatu
401 1095 565 1187 querelae,
596 1119 670 1162 nam
691 1096 816 1162 Prusias
839 1108 849 1148 ¹
873 1095 1025 1161 incitante
1046 1107 1079 1161 et
1097 1095 1270 1162 adiurante

200 1208 352 1300 Philippo
382 1209 607 1299 Gallograecos
636 1220 748 1275 contra
775 1231 850 1275 eum
882 1209 1083 1288 incitaverat,
1124 1208 1269 1274 Attalum

201 1322 320 1388 riserat
350 1321 483 1412 eiusque
512 1322 673 1413 regionem
702 1343 777 1387 cnm
801 1321 929 1413 templis
952 1320 1093 1411 diripuit.
1139 1321 1270 1387 Frustra

202 1434 243 1500 de
273 1434 322 1500 his
350 1435 474 1501 iniuriis
501 1435 640 1501 Romani
663 1435 819 1501 miserunt
845 1434 1037 1526 legationem
1058 1434 1218 1501 Hortensii
1238 1445 1270 1500 et

199 1547 413 1625 Aurunculei,
433 1570 512 1638 quos
530 1548 716 1637 Pergameni
733 1547 963 1613 contumeliose
978 1558 1188 1637 exceperunt,
1204 1546 1272 1612 imo

199 1660 326 1726 Prusias
353 1672 485 1726 conatus
505 1673 552 1727 est
572 1683 627 1728 eos
647 1672 758 1726 contra
778 1660 892 1727 foedus
910 1674 942 1728 et
961 1660 1010 1725 ius
1029 1659 1173 1750 gentium
1192 1659 1270 1725 reti·

199 1795 290 1853 nere,
318 1773 371 1837 cui
400 1796 467 1839 non
492 1773 567 1840 satis
592 1773 760 1840 ridebatur
778 1774 927 1840 mandata
947 1774 1089 1839 Romana
1110 1794 1269 1863 spernere.

199 1884 394 1952 Necmirnm
406 1886 504 1976 igitur
522 1898 627 1977 patres
646 1886 843 1977 conscriptos
858 1888 904 1953 iro
919 1888 1135 1954 inflammatos
1153 1910 1219 1953 esse
1236 1898 1270 1953 et

198 2000 321 2089 legatos
340 1999 475 2080 misisse,
494 2000 550 2091 qni
569 2023 629 2090 pro
647 2012 806 2090 potestate
827 2000 1018 2067 scabellum
1038 2012 1269 2091 componerent

198 2113 285 2179 inter
313 2113 456 2179 Attalum
484 2124 517 2180 et
546 2113 707 2194 Prusiam,
736 2125 834 2204 atque
862 2113 949 2179 hunc
978 2124 1129 2202 cogerent
1160 2113 1269 2179 Attalo

196 2247 317 2317 poenas
335 2224 411 2291 dare
430 2250 490 2316 pro
509 2226 574 2293 istis
592 2225 725 2292 iniuriis.

245 2338 330 2404 Huic
348 2338 499 2428 legationi
514 2338 661 2404 interfuit
680 2350 805 2419 noster,
830 2338 887 2429 qui
905 2346 918 2385 ²
938 2360 1038 2426 quum
1054 2336 1170 2402 frustra
1188 2334 1270 2402 Pru·

197 2452 262 2518 siae
289 2451 482 2542 imperarent
508 2465 634 2518 serimus
663 2452 825 2531 mandata,
852 2451 995 2517 Attalum
1018 2450 1210 2529 incitarunt,
1232 2461 1269 2515 ut

199 2563 240 2629 ad
268 2564 390 2630 bellum
418 2588 450 2630 se
475 2577 617 2656 pararet,
640 2577 718 2631 tunc
736 2587 808 2656 pars
827 2565 995 2655 legationis
1018 2564 1154 2629 Romam
1173 2561 1268 2628 rediit

198 2677 314 2743 harum
342 2700 448 2744 rernm
476 2680 597 2760 nuntii,
629 2679 707 2745 dum
728 2679 783 2745 alii
804 2679 925 2745 sicinas
945 2679 1093 2745 adierunt
1111 2678 1271 2755 civitates,

199 2802 236 2856 nt
254 2790 356 2858 socios
373 2791 447 2857 illos
470 2817 487 2857 a
508 2793 617 2859 Prusia
637 2791 848 2860 distraherent
867 2803 900 2858 et
920 2791 1029 2859 Attalo
1048 2792 1270 2859 conciliarent.

529 2977 547 3060 §
574 2978 603 3039 4.
652 2973 797 3041 Senator
820 2977 885 3041 604
912 2985 937 3040 ³.

239 3128 314 3195 Non
346 3130 455 3196 laudes
482 3143 608 3197 tantum
636 3131 810 3197 Fabiorum
841 3129 1163 3208 enumcrare-lubet,
1195 3152 1272 3218 ergo

198 3243 436 3334 imprudentiae
446 3243 574 3309 Maximi
595 3243 657 3308 boc
679 3245 858 3334 exemplum
881 3267 945 3309 non
967 3241 1120 3310 reticebo.
1155 3240 1273 3307 Noster

198 3379 313 3446 nempe
331 3356 455 3423 redibat
471 3358 553 3422 sorte
569 3356 700 3423 domum
717 3381 802 3424 anno
819 3362 904 3439 604,
921 3379 1021 3446 quum
1037 3355 1159 3421 bellum
1173 3352 1272 3420 Puni-

198 3491 272 3534 cum
291 3468 339 3535 111
358 3470 501 3536 nondum
522 3483 588 3536 erat
607 3469 763 3537 indictum
776 3483 808 3537 et
830 3468 1053 3535 tantummodo
1075 3479 1180 3532 actum
1203 3478 1271 3532 erat

199 3593 321 3647 secreto
340 3582 372 3645 in
393 3594 503 3648 senatu
520 3581 560 3647 de
577 3583 749 3649 indicendo
773 3583 848 3661 illo;
873 3583 991 3674 quibus
1012 3581 1045 3646 in
1067 3581 1161 3646 rebus
1184 3590 1272 3645 totus

197 3707 306 3760 noster
324 3718 376 3761 rus
397 3696 542 3786 petebat,
566 3696 621 3761 ubi
639 3698 672 3761 16
691 3698 724 3763 P.
747 3696 895 3763 Crassum
913 3706 1125 3763 revertentem
1144 3692 1269 3759 incidit.

200 3807 350 3875 Triennio
377 3821 451 3875 ante
473 3809 601 3875 functus
621 3821 687 3874 erat
708 3810 763 3875 ille
784 3821 966 3899 quaestura,
991 3830 1051 3875 nec
1072 3819 1179 3873 tamen
1201 3807 1270 3873 lec-

125 3964 131 3972 ·
196 3932 249 3986 tus
277 3923 309 3987 in
336 3935 462 4002 senatu,
487 3923 574 4013 quod
596 3945 679 3988 anno
700 3926 766 3989 600
786 3922 915 3988 tandem
937 3944 1083 3989 censores
1107 3922 1273 4000 lecerunt,

195 4033 289 4122 atqui
309 4032 449 4098 nondum
470 4034 500 4098 ei
517 4033 637 4099 licebat
657 4034 777 4099 curiam
798 4035 928 4101 intrare.
974 4034 1110 4124 Fugerat
1130 4032 1211 4098 illud
1231 4033 1270 4118 Q.

156 4124 164 4136 ο
193 4146 332 4212 Fabium
355 4160 453 4233 atque
486 4143 672 4235 imprudens
706 4166 780 4210 cum
811 4143 922 4211 Crasso
950 4165 1127 4210 sermonem
1163 4165 1272 4211 serens

191 4258 374 4324 collocutus
394 4270 441 4324 est
463 4255 609 4323 debello
630 4280 714 4323 novo
734 4256 916 4325 indicendo.
955 4256 1155 4347 Negligentia
1176 4257 1269 4325 Fabii

221 4508 242 4576 ¹)
259 4507 350 4571 Polyb.
369 4505 488 4556 XXXII.
508 4509 550 4556 25.
584 4501 605 4572 ²)
622 4505 713 4570 Polyb.
730 4504 863 4557 XXXIII.
884 4508 923 4554 10.
959 4499 980 4571 ὅ)
999 4504 1279 4557 Va1.Msx.II.2.1.
