3154 5294
328 433 384 494 164
569 454 595 502 o.
617 450 719 495 stolus
743 449 860 505 moron,
883 448 1052 493 nrsrourcus
1072 430 1147 513 (36).

338 632 510 694 nostrnm'’.
559 627 598 692 lt
621 627 730 693 Livius
752 627 907 717 populos,
930 650 1010 716 quos
1030 625 1215 717 Hispaniam
1234 625 1319 692 inter
1341 628 1397 692 Al-

341 767 395 833 pes
425 741 626 820 babitabaut,
658 741 766 807 Gallos
792 741 871 806 dixit
897 753 1036 818 tantum,
1067 740 1100 803 in
1123 738 1235 804 Dionis
1254 754 1404 831 excerpto

342 853 563 921 Narbonenses
596 855 816 945 appellantur,
852 866 886 918 ut
915 866 1025 944 postea
1055 854 1154 943 magis
1178 853 1403 934 innotuerunt,

343 991 442 1058 quum
471 969 574 1036 Gallia
603 968 818 1033 Narbonensis
838 968 888 1032 rel
907 967 1087 1057 provinciae
1107 989 1223 1032 nomen
1246 979 1330 1045 erat,
1347 968 1401 1032 sed

343 1082 406 1145 iam
437 1082 622 1147 Wilmansii
649 1081 758 1146 fuisset
785 1081 920 1170 probare
952 1092 1093 1168 tempore
1124 1080 1254 1145 Pictoris
1284 1103 1401 1147 norum

342 1193 423 1258 illud
454 1218 570 1259 nomen
599 1194 661 1259 iam
688 1193 869 1272 invaluisse,
894 1193 980 1284 qnod
1003 1191 1152 1282 equidem
1171 1215 1236 1258 non
1258 1193 1403 1259 credide·

343 1307 422 1384 rim,
455 1330 528 1371 nam
556 1329 640 1371 anno
667 1309 731 1371 636
758 1305 887 1371 demum
913 1305 1037 1369 colonia
1056 1304 1192 1370 deducta
1212 1317 1258 1369 est
1278 1303 1404 1383 Narbo;

344 1422 408 1484 imo
426 1419 559 1484 Dionem
576 1419 737 1509 antiquius
754 1442 870 1484 nomen
887 1419 1046 1509 scripsisse
1061 1417 1216 1507 suspicor,
1235 1440 1308 1482 nam
1329 1441 1404 1508 per-

345 1534 424 1598 tinet
440 1532 503 1597 buc
520 1505 607 1598 loeus
626 1532 757 1597 Taetzae
775 1541 783 1578 ¹
798 1555 805 1595 :
838 1533 918 1596 Δίων
934 1533 964 1597 δὲ
980 1531 1166 1607 Κοκκηιανὸς
1181 1531 1251 1602 τοὺς
1267 1531 1403 1613 Nauplia-

343 1645 460 1722 νησίους
471 1645 637 1726 ’Βέβρυκας
654 1646 754 1723 λέγει,
772 1644 903 1726 γράφων
920 1641 1199 1710 retraetandum
1216 1643 1273 1722 μὲν
1288 1645 1405 1724 Βεβρύ-

344 1783 403 1822 κων
427 1763 477 1823 νῦν
499 1757 530 1822 δὲ
551 1757 779 1839 Ναρβωνησίων
801 1754 869 1820 ἐστὶ
890 1756 924 1821 ri
946 1758 1113 1836 Euphranor
1133 1754 1208 1836 ἔρος.
1261 1753 1405 1821 Alterum

343 1869 458 1935 deinde
477 1871 582 1934 locum
604 1871 711 1947 affert,
736 1868 791 1933 ubi
811 1866 900 1932 »Ilio
921 1867 1050 1932 omuino
1068 1867 1225 1956 discrepat
1244 1892 1261 1932 a
1277 1867 1404 1948 Lirio,''

343 1983 404 2048 Dio
432 1996 445 2034 2
477 1983 572 2048 tradit
599 2004 715 2071 nempe
736 1993 798 2048 tres
818 1979 941 2046 modios
962 2003 1131 2046 aureorum
1153 1981 1343 2046 annulorum
1367 2007 1404 2049 er

344 2097 452 2186 spoliis
473 2095 693 2167 Cannensibus
713 2092 937 2184 Carthaginem
958 2094 1127 2159 submissos
1147 2095 1187 2158 ab
1206 2095 1404 2175 Hannibale;

344 2221 378 2274 at
406 2208 512 2274 Livius
544 2221 639 2274 ³non
665 2207 838 2297 discrepat,
863 2207 919 2272 ubi
939 2207 1035 2271 tradit
1057 2206 1290 2273 »metientibus
1309 2206 1405 2274 dimi-

343 2322 430 2388 dium
462 2346 556 2414 snper
584 2336 645 2390 tres
669 2321 793 2386 modios
820 2317 974 2410 explesse,
999 2331 1072 2384 sunt
1093 2319 1223 2409 quidam
1246 2332 1405 2400 auctores;

344 2436 426 2500 fama
458 2435 578 2514 tenuit,
611 2458 692 2526 quae
722 2435 868 2525 proprior
896 2456 970 2499 vero
1002 2445 1067 2512 est,
1096 2431 1181 2497 haud
1206 2433 1283 2522 plus
1310 2431 1406 2501 luisse

344 2548 489 2626 modio'';
522 2549 649 2638 itaque,
680 2547 785 2636 inquit
811 2547 882 2624 ille,
912 2546 1030 2611 refutat
1052 2545 1159 2611 Livius
1180 2569 1252 2612 eum
1273 2549 1406 2639 scripto-

344 2685 429 2740 rem,
455 2684 491 2725 er
513 2683 577 2750 quo
600 2659 1019 2749 Dionarrarionemperii13
1043 2671 1074 2723 at
1094 2660 1224 2724 omnino
1249 2685 1311 2726 non
1330 2662 1406 2727 iude

345 2774 503 2862 sequitur,
536 2795 593 2837 cur
622 2795 686 2838 non
713 2795 869 2863 ponamus
892 2772 986 2837 Dioni
1008 2774 1080 2838 satis
1102 2772 1201 2838 risum
1222 2797 1288 2840 esse
1308 2797 1405 2839 unam

344 2887 432 2951 illam
470 2886 587 2950 famam
622 2907 658 2950 er
690 2884 796 2964 Livio,
829 2885 884 2949 ubi
915 2886 1034 2974 legerat
1066 2883 1167 2964 illud,
1201 2884 1403 2952 describere?

344 2996 443 3061 Porro
469 2994 629 3059 Wilmans
655 2993 870 3061 demonstrare
897 2995 957 3059 sibi
982 2995 1107 3061 ridetur
1127 2996 1283 3062 Pictorem
1306 2996 1404 3064 latere

342 3108 428 3200 apud
458 3106 593 3173 Dionem
624 3107 663 3173 de
692 3107 779 3173 bello
809 3109 930 3173 Punico
966 3108 1106 3173 secundo
1137 3108 1170 3173 in
1207 3109 1415 3177 orationibus.

343 3222 436 3289 Fabii
453 3221 581 3286 Maximi
601 3219 819 3302 Cunctatoris;
842 3233 873 3285 at
890 3221 997 3286 Livius
1015 3221 1048 3286 iu
1070 3221 1129 3286 hac
1148 3221 1297 3288 historiae
1313 3237 1404 3314 parte

341 3336 503 3401 Pictorem
523 3335 680 3424 sequitur,
697 3336 753 3425 qui
766 3358 866 3424 quum
880 3334 951 3400 illas
969 3336 1126 3400 orationes
1146 3358 1207 3400 non
1222 3336 1405 3418 tradiderit,

342 3449 412 3513 noli
441 3449 516 3513 inde
545 3448 702 3515 deducere
727 3448 860 3514 Dionem
883 3471 934 3514 eas
954 3472 990 3513 ex
1010 3450 1135 3516 Pictore
1154 3449 1307 3532 hausisse,
1331 3476 1405 3518 nam

343 3562 472 3628 nonnisi
501 3585 601 3652 quum
622 3562 753 3627 historia
774 3563 946 3628 oratorium
967 3563 999 3627 in
1020 3563 1151 3629 modum
1172 3564 1273 3629 excoli
1293 3578 1406 3657 coepta

346 3688 407 3754 est,
439 3677 606 3741 conciones
633 3675 711 3741 istae
732 3676 764 3740 in
787 3675 949 3740 historiam
970 3676 1085 3767 pedem
1108 3678 1302 3757 intulerunt,
1328 3701 1405 3769 quas

346 3789 415 3854 noli
450 3787 535 3877 apud
570 3789 711 3878 priscum
737 3788 897 3854 annalium
918 3801 1079 3855 auctorem
1100 3813 1259 3880 quaerere.
1316 3792 1403 3856 Tunc

347 3902 461 3967 ultimo
488 3901 559 3966 loco
583 3901 707 3981 attulit,
736 3901 960 3981 Pictoremxob
981 3926 1118 3993 aequum
1140 3905 1173 3968 in
1193 3904 1402 3970 Hannibalem

347 4017 488 4082 animum
518 4014 721 4093 inclaruisse,
755 4014 841 4103 quod
871 4028 956 4080 recte
980 4016 1012 4079 in
1039 4016 1172 4083 Dionem
1192 4040 1256 4082 uon
1276 4040 1351 4083 nero
1372 4018 1402 4081 in

349 4128 472 4195 Lirinm
491 4125 591 4205 cadit3
616 4139 647 4191 at
666 4126 769 4216 primo
786 4126 845 4190 erit
863 4125 1063 4215 probandum
1081 4128 1214 4193 Pictoris
1235 4128 1400 4206 iudicium,

347 4240 432 4333 quod
453 4228 533 4303 milri
551 4239 661 4304 saltem
679 4238 756 4303 latet
776 4237 890 4308 adhuc.
937 4239 1081 4329 Denique
1099 4240 1159 4306 Dio
1175 4240 1300 4308 Livium
1311 4266 1400 4334 prae-

371 4492 390 4562 1)
408 4492 451 4543 Fr.
471 4493 512 4539 56.
529 4494 552 4539 2.
606 4484 625 4553 ²)
643 4487 687 4538 Fr.
709 4492 750 4538 57.
769 4492 811 4537 28.
864 4486 884 4556 ³)
902 4489 1007 4540 XXIII.
1029 4495 1067 4539 12.
