3154 5294
534 470 709 516 rosnacum
730 470 890 518 tunsarum
1187 456 1245 520 177

178 647 286 716 Ovidii
306 648 443 728 Fastis,
462 648 638 739 ceterisque
667 649 760 714 huius
780 649 903 740 generis
922 650 1100 740 cogitabat,
1118 653 1241 743 opinor.

178 763 293 854 Neque
321 762 374 828 hio
404 762 579 853 proferam,
612 785 694 853 quae
724 764 800 829 olim
829 764 1003 854 conscripsi
1029 776 1138 831 contra
1164 764 1243 832 Nie-

180 875 330 942 huhrium
351 888 360 926 ¹
381 875 421 941 de
438 875 495 943 ista
513 875 664 942 historiae
679 877 843 943 Romanae
862 876 983 967 origine
1004 889 1036 942 et
1055 890 1165 943 contra
1185 901 1242 962 ea,

177 1012 260 1080 quae
279 990 440 1081 praefatus
457 1004 504 1055 est
521 990 686 1078 Macauiay
704 990 904 1080 elegantibus
920 991 983 1056 suis
999 991 1158 1080 Antiquae
1175 991 1243 1057 Ro·

180 1126 250 1168 mae
271 1101 473 1168 Carminibus
493 1125 565 1169 vere
585 1104 719 1194 poeticis
732 1112 762 1183 ²3
785 1104 846 1168 iam
869 1103 923 1169 alii
942 1103 1031 1169 iilam
1052 1103 1243 1169 seutentiam

181 1238 286 1280 reram
312 1238 378 1281 esse
406 1227 578 1305 negarunt,
607 1215 660 1282 sed
688 1238 764 1307 prae
785 1216 898 1282 ceteris
918 1228 1065 1282 accurate
1083 1227 1115 1282 ct
1135 1214 1245 1293 docte,

178 1328 321 1405 ntsolet,
338 1327 425 1393 huno
445 1328 552 1394 locum
570 1328 610 1395 de
628 1328 822 1394 carminibus
832 1328 1042 1420 popularibus
1060 1339 1244 1419 persecutus

178 1453 225 1506 est
240 1440 422 1532 nuperrime
438 1439 541 1508 Leuis
557 1441 590 1507 in
607 1440 723 1507 eximio
741 1464 837 1531 opere
852 1441 1004 1531 lectuque
1017 1440 1201 1531 dignissimo
1213 1449 1244 1520 ³3

181 1552 333 1619 defendet
352 1575 455 1618 meam
477 1575 607 1644 quoque
623 1554 811 1620 sententiam
830 1577 895 1620 non
908 1577 944 1620 er
965 1555 1032 1619 istis
1052 1552 1245 1620 carminibus

178 1664 342 1733 historiam
369 1665 546 1733 Romanam
566 1688 634 1732 esse
653 1679 778 1748 natam,
802 1668 854 1733 coi
877 1667 1086 1760 disputationi
1110 1691 1151 1734 ue
1178 1689 1248 1734 ner-

179 1777 256 1844 bum
277 1778 407 1868 quidem
427 1776 610 1844 addendum
634 1776 747 1845 habeo.

179 2001 234 2071 ΝΟ.
275 2002 345 2069 VII.
391 2007 455 2068 Τοῦ
470 2003 502 2068 δὲ
526 2002 631 2067 πίστιν
652 2001 778 2083 ἔχοντος
797 2002 892 2083 λόγου
912 2002 1059 2082 μάλιστα
1074 2004 1127 2070 sori
1153 2004 1246 2071 ornei-

272 2139 363 2189 στους
379 2114 540 2194 μάρτυρας
555 2113 598 2178 roi
613 2115 670 2193 μὲν
690 2099 866 2194 reprobrorum
885 2122 1001 2196 πρῶτος
1017 2118 1060 2189 εἷς
1082 2118 1153 2190 τοὺς
1171 2119 1250 2182 “En-

270 2242 367 2303 ληνας
381 2226 509 2304 ἐξέδωκε
527 2233 663 2298 Διοκλῆς
679 2226 692 2289 ὃ
708 2226 911 2307 Πεπαρήθιος,
928 2219 949 2306 ᾧ
965 2226 1018 2292 ossi
1036 2226 1155 2307 baidus
1169 2229 1248 2293 Hla-

269 2365 328 2422 τωρ
344 2342 375 2405 ἐν
397 2348 461 2411 τοῖς
475 2338 635 2411 πλείστοις
658 2338 911 2414 ἐπηκολούθησεν.
948 2336 1101 2428 Sequitur
1119 2339 1250 2406 historia

271 2452 464 2529 Numitoris,
481 2451 696 2540 geminorum,
706 2462 765 2515 oet.
777 2474 814 2515 er
826 2450 916 2516 Livio
928 2451 1113 2541 praesertim
1124 2475 1210 2518 versa
1222 2459 1247 2520 ⁴.

225 2567 377 2632 Krausius
406 2564 512 2630 minus
541 2576 626 2629 recte
656 2561 718 2628 hoc
746 2563 960 2653 fragmentum
981 2587 1044 2628 non
1067 2578 1246 2655 receperat,

180 2681 246 2747 scio
276 2679 406 2770 quidem
437 2701 500 2744 non
531 2677 623 2741 Fabii
653 2676 746 2742 rerba
779 2675 919 2756 laudari,
953 2676 1007 2742 sed
1036 2676 1150 2742 eodem
1179 2679 1248 2744 iure

181 2792 377 2860 afferendum
407 2803 471 2869 ast,
509 2812 573 2879 quo
602 2788 695 2879 plura
724 2789 821 2855 allata
845 2788 1007 2870 uidemus,
1033 2789 1087 2854 ubi
1119 2790 1158 2856 ad
1182 2791 1249 2881 pri·

181 2930 270 2973 mum
290 2918 452 2971 auctorem
475 2915 600 2968 tantum
620 2903 767 2968 refertur.

179 3131 235 3200 N0.
271 3130 358 3198 VIII.
407 3130 524 3197 Fabius
544 3130 728 3221 speluncam
748 3128 856 3194 Martis
877 3128 954 3196 dixit
976 3143 1000 3194 θ.

225 3245 322 3311 Hunc
353 3267 483 3336 quoque
512 3244 620 3309 iocum
651 3243 756 3310 omisit
779 3243 950 3321 Krausius,
973 3264 1070 3333 quam
1090 3244 1246 3334 recipien-

179 3359 258 3424 dum
289 3381 355 3424 esse
386 3357 480 3435 duri,
512 3358 635 3422 etiamsi
663 3380 726 3422 non
750 3357 889 3422 muitum
919 3356 970 3420 illi
990 3356 1148 3435 tribuam,
1171 3379 1246 3422 nam

178 3473 265 3538 idem
293 3471 377 3538 valet
405 3468 489 3561 quod
517 3469 558 3534 de
577 3469 631 3536 N⁰.
659 3473 704 3541 IV
726 3469 808 3550 dixi3
838 3493 876 3534 ne
900 3482 1025 3560 tempus
1046 3470 1142 3559 igitur
1163 3481 1245 3535 tera-

179 3607 248 3678 mus
264 3582 476 3674 inquirendo,
499 3583 631 3672 quinam
656 3605 693 3649 ex
714 3582 819 3648 Fabiis
841 3583 923 3649 illud
945 3582 1068 3649 dixerit.
1103 3583 1244 3649 Pertinet

179 3697 268 3763 Iocus
298 3696 335 3761 ad
367 3695 529 3762 historiam
558 3695 670 3786 lupae,
700 3719 782 3785 quae
809 3696 893 3762 ioeta
916 3697 1121 3787 procubuisse
1143 3696 1244 3762 fertur

183 3810 296 3875 abillo
320 3810 353 3874 in
375 3809 525 3875 Mavortis
546 3822 637 3875 antro
655 3822 709 3874 aut
729 3811 763 3874 in
782 3809 891 3875 Martis
910 3811 1077 3900 spelunca3
1102 3811 1161 3876 nisi
1181 3808 1246 3875 hue

181 3922 371 3989 trahendum
402 3924 441 3987 sit
469 3922 554 4013 quod
577 3920 703 3988 Servius
724 3931 736 3968 ὓ
758 3922 899 4012 scripsit,
923 3921 1016 3987 Iliam
1036 3922 1069 3987 in
1090 3924 1243 4013 spelunca

182 4035 316 4102 aMarte
335 4058 548 4127 compressam
573 4059 649 4102 esse.

208 4345 229 4413 ι)
245 4344 279 4396 R,
291 4343 323 4396 G.
340 4347 363 4395 I.
383 4349 441 4395 263.
503 4341 661 4409 ²)Luyaos
679 4342 771 4393 ancient
793 4341 964 4408 Rom,praef.
983 4360 1007 4410 p.
1026 4349 1121 4395 6-25.
1174 4343 1194 4410 ³)
1216 4345 1250 4397 On

175 4429 211 4478 the
227 4428 358 4496 credibility
375 4431 411 4494 os
423 4428 489 4494 early
507 4426 602 4477 Roman
618 4428 717 4494 history,
735 4429 758 4477 Ι.
776 4444 800 4492 p.
812 4435 956 4480 202-242.
1010 4427 1030 4496 4)
1048 4430 1116 4480 Plut.
1135 4427 1204 4480 Ronn
1223 4438 1249 4482 3.

175 4508 196 4578 ⁵)
212 4514 281 4568 Serv.
300 4515 335 4566 od
351 4512 412 4565 Aen.
422 4514 500 4567 VIII.
520 4516 578 4565 630.
631 4510 651 4584 ⁶)
669 4510 712 4563 Aa
728 4510 789 4565 Aen.
807 4515 829 4565 1.
849 4517 879 4565 27
883 4519 906 4565 3.

1067 4600 1106 4662 12
