3210 5300
450 447 471 529 0
492 449 520 509 3.
541 465 674 509 arraaaon
695 446 764 508 540.
805 446 827 528 0
848 447 877 508 4.
899 464 1007 509 consue
1029 449 1098 510 541.
1253 450 1313 512 059

286 645 348 711 ilic
373 643 604 736 aliquantisper
631 641 752 732 degisse
781 641 920 721 ridetur,
954 665 1028 709 narn
1058 644 1199 733 suspicor
1225 657 1304 711 tuuc

241 760 349 824 locum
378 758 524 824 babuisse
553 756 639 848 quod
669 756 840 821 Frontinus
862 766 871 805 ¹
900 755 940 821 de
959 756 1058 822 Fabio
1079 758 1216 824 Maximo
1235 783 1303 826 me·

240 874 360 939 moriae
390 870 535 950 tradidit,
565 894 637 936 eum
661 869 785 936 vastatis
806 867 1041 959 Campanorum
1063 870 1144 959 agris
1163 894 1204 936 ne
1223 872 1302 962 quid

238 986 280 1053 ad
305 986 455 1051 fiduciam
481 983 657 1051 obsidionis
686 994 876 1073 superesset,
901 983 1024 1048 iussisse
1047 995 1083 1049 ut
1104 984 1302 1051 frumentum

236 1101 328 1192 quod
356 1099 516 1190 reliquum
544 1098 697 1163 baberent
727 1097 760 1161 in
789 1097 925 1161 sationes
953 1096 1157 1176 conferrent,
1185 1097 1302 1164 deinde

239 1225 349 1281 renata
376 1212 556 1304 protrivisse
578 1223 610 1277 et
631 1210 670 1275 ad
692 1210 810 1276 famem
829 1209 964 1275 redactis
982 1209 1028 1274 sio
1046 1209 1141 1276 facile
1161 1211 1301 1302 potitum

234 1350 313 1393 esso.
357 1325 435 1392 Scio
456 1325 587 1417 quidem
607 1323 724 1389 multos
745 1321 807 1388 hoe
828 1334 1017 1412 stratagema
1039 1322 1224 1391 cunctatori
1243 1326 1300 1392 tri·

237 1441 353 1518 buere,
376 1451 409 1504 at
431 1438 581 1504 Livianus
600 1434 688 1502 loous
708 1448 721 1487 ²
742 1458 806 1502 non
826 1436 975 1500 convenit
995 1458 1068 1501 cum
1090 1437 1165 1515 illo,
1189 1450 1300 1502 eontra

237 1551 330 1618 nobis
351 1563 527 1617 auctorest
549 1549 656 1615 Liuius
679 1561 691 1600 ⁸
712 1546 962 1639 sequentianno
983 1547 1162 1639 Campanos
1183 1550 1300 1616 tarnem

235 1664 387 1744 sensisse,
425 1665 502 1754 quia
538 1674 710 1729 sementem
746 1658 850 1727 lacere
879 1660 1118 1751 prohibuissent
1148 1661 1300 1742 Romani3
1329 1712 1331 1717 .

236 1779 301 1844 ianr
321 1776 471 1868 equidem
492 1776 574 1842 illud
592 1775 691 1841 Fabio
712 1788 820 1841 nostro
836 1775 955 1854 tribuo,
980 1776 1037 1866 qui
1051 1796 1108 1867 per
1125 1777 1299 1854 rationem,

234 1910 333 1982 quarn
353 1891 505 1956 describit
526 1890 713 1967 Frontinus,
737 1887 882 1953 hostibus
901 1903 1062 1955 nocuerat.

282 2003 405 2072 Deinde
434 2004 475 2070 ab
503 2002 653 2073 Suessula
681 2001 715 2067 in
748 2002 897 2092 Apuliam
927 2003 1090 2092 proiectus
1115 2015 1162 2069 est
1188 2011 1217 2081 ⁴,
1245 2004 1299 2070 ubi

235 2121 339 2207 Arpos
361 2116 574 2208 oppugnarit,
598 2115 631 2179 in
656 2137 793 2205 quorum
817 2117 940 2181 moenia
969 2115 1086 2180 milites
1106 2118 1207 2181 erecti
1227 2130 1300 2185 sunt

230 2230 450 2296 decidentium
465 2251 620 2318 aquarum
637 2250 714 2294 sono
729 2228 897 2317 strepitum
916 2227 1121 2306 obscurante,
1139 2228 1172 2292 hi
1190 2229 1299 2295 locum

233 2342 349 2423 illum,
373 2353 408 2407 ut
425 2343 615 2433 imperatum
633 2352 717 2419 erat,
739 2338 868 2406 silentio
886 2353 1041 2432 ceperunt
1059 2353 1091 2407 et
1108 2353 1299 2422 tenuerunt,

232 2479 373 2546 quorum
403 2478 499 2545 opera
524 2466 614 2545 porta
641 2455 767 2520 effracta
788 2466 835 2519 est
853 2465 886 2520 et
906 2454 939 2520 in
960 2455 1100 2545 angustis
1127 2455 1183 2521 riis
1210 2467 1299 2520 atrox

230 2569 401 2633 commissa
429 2589 544 2657 pugna.
591 2566 665 2634 Non
694 2566 846 2631 saevitum
871 2578 918 2631 est
942 2567 975 2630 in
996 2566 1188 2655 praesidium
1209 2570 1297 2636 5000

231 2692 429 2746 armatorum
456 2679 658 2758 Hannibalis,
688 2678 737 2745 his
762 2690 874 2769 portae
897 2680 1074 2771 patefactae
1094 2692 1184 2761 sunt,
1207 2682 1299 2772 atqui

234 2793 314 2860 salvi
342 2794 381 2859 ad
414 2793 627 2859 Hannibalem
655 2805 882 2884 pervenerunt,
906 2793 1040 2884 Hispani
1063 2795 1129 2860 iere
1149 2794 1239 2861 mille
1258 2796 1299 2860 ad

235 2906 397 2972 Romanos
409 2907 615 2984 transierunt,
631 2906 687 2996 qui
702 2928 794 2995 saepe
805 2927 916 2971 eorum
928 2928 1057 2997 operam
1067 2907 1299 2987 adhibuerunt,

232 3021 323 3085 3000
344 3017 537 3107 Arpinorum
558 3016 697 3107 denique
716 3029 848 3108 repente
868 3041 926 3108 pro
947 3018 1098 3085 Romanis
1119 3043 1205 3085 arma
1228 3044 1297 3088 rer·

232 3143 346 3196 terant.
403 3129 457 3196 Sic
491 3130 667 3196 secundum
700 3128 826 3196 Lirinus
859 3132 935 3222 Arpi
969 3132 1035 3198 sine
1071 3131 1164 3199 clade
1199 3134 1295 3200 ullius

232 3243 354 3333 recepti
380 3254 453 3308 suut
485 3255 610 3333 praeter
638 3242 831 3332 proditorem
861 3244 973 3324 istum,
1006 3244 1047 3310 de
1074 3267 1140 3334 quo
1165 3259 1295 3336 supra⁸

222 3358 294 3427 -i'arn
316 3356 461 3421 diximus.
505 3355 666 3445 Appianas
683 3369 810 3434 contra,
828 3357 920 3421 cuius
936 3357 1045 3423 locum
1060 3354 1295 3449 Schweighae-

228 3492 318 3535 serus
346 3469 429 3535 male
456 3467 495 3534 ad
529 3468 739 3534 Verrucosum
761 3472 855 3534 traxit
874 3470 905 3534 in
927 3468 1054 3550 Indice,
1076 3472 1173 3537 tradit
1194 3474 1295 3563 Arpos

228 3582 367 3648 aliorum
388 3581 569 3672 proditioue
590 3579 711 3649 reuisse
732 3580 765 3645 in
788 3592 978 3671 potestatem
996 3582 1100 3660 Fabii,
1125 3583 1212 3673 quod
1229 3608 1294 3651 nou

230 3707 379 3760 accurate
399 3695 524 3760 ridetur
542 3694 737 3773 enuntiasse,
761 3717 835 3760 nam
855 3694 907 3759 hic
929 3717 1059 3786 quoque
1075 3695 1202 3764 Livium
1220 3712 1294 3765 ante

226 3810 341 3875 oculos
362 3809 490 3889 habuit,
516 3808 602 3900 apud
623 3830 721 3897 quem
741 3807 803 3872 alia
820 3807 992 3873 invenerat.

277 3921 451 4012 Aliquanto
474 3935 546 4013 post
572 3933 717 3988 exactum
737 3943 856 3986 annum
879 3921 1004 3988 ridetur
1023 3921 1144 4014 degisse
1163 3925 1197 3991 in
1216 3948 1291 4015 pro-

226 4034 348 4114 vincia,
393 4058 467 4100 uam
507 4057 608 4124 quum
645 4033 774 4099 comitia
812 4033 988 4114 instabant,
1029 4049 1142 4104 neuter
1180 4041 1290 4106 consul

253 4338 440 4407 quiracus.
459 4346 475 4391 4
494 4342 509 4402 s
530 4344 551 4390 1.
595 4337 739 4405 ²)xx1u.
758 4345 800 4389 rs.
849 4335 869 4401 ³>
887 4337 977 4389 xxv.
1000 4344 1038 4389 ra.
1082 4338 1104 4405 u
1120 4343 1177 4393 un.
1192 4344 1296 4395 xxiv.

209 4432 336 4486 trs-473
358 4427 447 4476 Frons.
466 4420 543 4475 Strat.
565 4425 616 4476 111.
636 4430 650 4474 9
668 4426 681 4490 0
699 4431 728 4485 2;
752 4425 820 4490 App.
840 4422 906 4473 Han.
925 4428 967 4475 at.
1020 4421 1041 4490 ⁵)
1059 4424 1098 4476 Cf.
1116 4427 1177 4492 Cap.
1195 4444 1212 4479 v
1230 4429 1243 4493 gl
1264 4435 1293 4480 ta

208 4514 292 4566 huius
309 4511 393 4571 Libri,
410 4526 435 4575 p.
454 4515 513 4560 342.
616 4513 621 4523 “’
