3154 5294
337 381 395 453 448
446 384 998 469 n.riantur.r.u.n.rnousrus(13).
1015 385 1295 468 §dnumcsensn

341 581 419 651 hinc
436 581 607 651 incertiora
625 581 768 649 coniecta
786 593 860 649 sunt
870 628 879 660 ,
903 594 935 647 et
956 581 1060 647 miuus
1076 593 1162 649 reste
1177 581 1255 649 olim
1271 600 1405 648 censura

341 696 415 762 anni
440 696 563 765 4083ei
595 693 713 763 tributa
741 707 788 763 est
819 717 893 761 eum
922 694 966 761 Μ.
986 695 1140 785 Popillio,
1164 695 1279 763 melius
1296 707 1405 764 autem

340 809 471 899 Pighius
496 807 559 877 hue
586 807 678 875 traxit
706 807 836 875 Eusebd
859 818 867 854 ¹
898 807 1025 887 iocum,
1056 807 1302 899 »descriptione
1321 808 1405 877 fucta

340 921 461 991 Rornae
476 922 603 989 iuventa
619 933 693 989 sunt
712 921 829 987 cisium
849 918 933 987 CLX
943 921 1082 1000 miiiia”;
1097 921 1181 991 cudit
1191 942 1307 1013 nempe
1321 921 1405 987 illud

337 1035 511 1102 secundum
542 1034 675 1103 Diodori
703 1035 976 1125 amputationem
1003 1034 1035 1098 in
1060 1054 1180 1107 annuns
1203 1037 1278 1103 412.
1324 1033 1409 1101 Satis

338 1147 516 1217 verisimilis
531 1147 610 1213 hoec
630 1159 676 1213 est
698 1148 795 1226 ratio;
821 1146 908 1237 quod
931 1146 1126 1213 addubitem
1146 1146 1275 1225 attinet,
1301 1147 1408 1237 potuit

341 1261 471 1351 quidem
491 1260 626 1330 lustrum
644 1259 749 1326 xxiv
771 1258 909 1327 condere
928 1260 1011 1326 inter
1024 1261 1086 1325 422
1109 1269 1143 1325 et
1163 1262 1247 1337 436,
1267 1257 1322 1324 sed
1342 1260 1408 1325 iem

339 1375 435 1441 nimis
460 1385 563 1439 aetate
588 1386 757 1463 prouectus
776 1372 902 1452 fuisset,
926 1383 1049 1438 constat
1068 1383 1081 1422 ²
1103 1383 1208 1438 autent
1229 1392 1303 1437 eum
1323 1395 1410 1440 anuo

342 1489 407 1551 429
436 1484 542 1553 adhue
566 1487 649 1553 inter
668 1486 756 1555 uiros
775 1485 905 1575 degisse.
952 1484 1000 1551 De
1019 1484 1141 1576 collega
1160 1495 1272 1550 contra
1291 1507 1341 1551 res
1361 1497 1410 1551 est

342 1598 567 1677 incertissima,
596 1597 719 1666 etiamsi
742 1596 1001 1667 honoratissimus
1019 1597 1076 1663 ille
1096 1597 1192 1664 inerit
1214 1597 1245 1662 in
1269 1608 1335 1665 tota
1357 1621 1409 1664 re·

340 1710 487 1801 publica3
510 1733 583 1779 nem
601 1710 688 1802 quod
709 1711 877 1779 Fastorum
897 1710 1111 1801 fragmentum
1133 1709 1174 1778 ad
1195 1709 1283 1776 hunc
1302 1708 1407 1777 hono·

339 1846 408 1891 rem
420 1823 647 1891 stabiliendum
662 1825 801 1904 affertur,
820 1824 935 1891 melius
953 1824 992 1891 ad
1011 1824 1211 1891 consulatum
1231 1824 1408 1893 eorundem

341 1937 418 2002 anni
449 1941 514 2004 396
540 1938 717 2005 retulerunt
743 1938 803 2003 riri
825 1937 926 2016 docti,
951 1938 1041 2003 errius
1064 1938 1110 2003 rei
1129 1936 1209 2003 mihi
1231 1938 1316 2004 risus
1337 1961 1409 2003 sum

343 2071 465 2116 novum
485 2050 642 2118 inuenisse
662 2061 903 2142 argumentum,
923 2050 1010 2139 quod
1031 2073 1095 2115 non
1115 2050 1250 2116 lustrum
1273 2052 1305 2116 in
1322 2074 1410 2117 mar-

341 2185 432 2229 more
469 2161 665 2255 adscriptum
691 2164 828 2255 legatur,
862 2163 985 2228 etiamsi
1015 2161 1071 2228 ilia
1099 2161 1213 2254 lapidis
1243 2187 1314 2255 pars
1343 2186 1410 2229 non

340 2274 492 2343 mutilata
516 2289 572 2342 est

500 2424 503 2431 ¹
580 2435 598 2521 §
624 2438 654 2502 8.
698 2433 864 2526 Princeps
888 2432 1033 2499 Senatus
1059 2434 1174 2499 422.
1150 2440 1163 2479 ³

385 2611 475 2681 Inter
493 2613 653 2680 felicitatis
669 2615 862 2682 documenta
883 2615 945 2685 hoc
965 2637 1095 2706 quoque
1112 2614 1235 2683 Plinius
1256 2615 1415 2698 seruerit,

343 2740 407 2794 tres
436 2729 604 2794 continuos
631 2729 793 2819 principes
822 2741 948 2796 senatus
977 2728 1076 2797 fuisse
1102 2726 1144 2793 M
1169 2726 1304 2795 Fabium
1332 2729 1415 2799 dm·

347 2839 478 2904 hostum
499 2839 613 2927 (43)
585 2861 717 2932 esusque
728 2840 831 2907 filium
846 2844 917 2931 (17)
932 2852 964 2908 et
982 2852 1133 2930 nepotem
1147 2838 1229 2926 (23),
1241 2839 1326 2906 unde
1342 2841 1414 2907 noli

345 2950 504 3016 deducere
532 2974 590 3042 per
616 2952 675 3023 tria
701 2952 798 3018 lustra
819 2965 962 3021 nostrum
985 2951 1075 3018 hoe'
1067 2950 1181 3040 insigni
1203 2949 1324 3019 honore
1343 2977 1415 3021 esse

345 3075 504 3131 ornatum.
554 3063 646 3148 Quod
672 3066 758 3133 enim
785 3066 907 3133 Plinius
928 3064 1025 3133 tradit
1043 3070 1215 3133 continuos
1234 3065 1416 3156 principes,

346 3175 434 3242 haud
463 3177 527 3242 scio
552 3201 591 3243 an
613 3179 657 3244 sio
682 3178 784 3269 accipi
803 3179 916 3268 possit,
939 3190 975 3243 ut
999 3200 1082 3247 unus
1113 3177 1205 3245 elteri
1225 3180 1414 3245 successerit

343 3291 435 3356 nullo
463 3291 564 3357 lustro
593 3289 795 3381 interposit03
828 3290 978 3383 equidem
1004 3290 1087 3356 illud
1113 3289 1199 3356 malo
1224 3291 1342 3356 referre
1371 3291 1416 3356 ad

347 3404 477 3483 Fabios,
511 3404 567 3494 qui
596 3402 746 3495 deinceps
777 3403 841 3470 hoe
869 3403 971 3470 ornati
997 3404 1074 3482 sint,
1098 3425 1164 3469 uno
1184 3403 1351 3493 alteroque
1375 3425 1418 3469 ex

352 3516 420 3582 aliis
443 3516 619 3606 gentibus
610 3517 815 3608 interposito,
839 3516 894 3582 sed
917 3517 960 3582 ita
979 3529 1016 3581 ut
1035 3517 1068 3580 in
1088 3527 1183 3605 gente
1206 3528 1312 3582 nostra
1335 3539 1420 3582 con-

350 3627 434 3694 tinui
461 3639 522 3693 tres
547 3627 683 3706 suerint,
706 3627 807 3693 idest
828 3627 1094 3704 Marcusnostar,
1115 3626 1286 3693 eiusfil‘ius
1308 3639 1340 3694 et
1358 3652 1422 3696 ne

350 3765 425 3833 pos,
456 3764 523 3806 uon
553 3764 625 3808 vero
652 3742 720 3810 eius
747 3754 901 3832 pronepos
933 3741 1004 3829 (29)
1031 3752 1142 3807 contra
1165 3738 1304 3830 abnepos
1329 3741 1421 3833 (33).

352 3854 477 3919 Marcus
502 3864 610 3919 noster
637 3853 838 3943 magistratus
863 3875 938 3919 suos
956 3852 1050 3942 gessit
1069 3853 1152 3919 inter
1172 3875 1270 3919 annos
1290 3857 1355 3920 394
1376 3855 1423 3923 ιιι

355 3970 439 4046 403,
454 3967 521 4032 eius
541 3966 629 4031 iilius
643 3988 754 4033 censor
773 3966 834 4032 init
851 3989 934 4033 anno
946 3970 1026 4044 450,
1043 3966 1132 4056 atqui
1148 3967 1297 4056 sequenti
1314 3967 1424 4036 histro

352 4081 499 4171 princeps
520 4092 645 4146 senatus
665 4080 734 4146 fieri
748 4079 872 4170 potuim
895 4079 959 4146 ism
975 4079 1001 4144 si
1018 4091 1107 4168 pater
1126 4079 1166 4149 ad
1187 4078 1277 4147 hune
1295 4103 1425 4150 annum

353 4217 454 4286 usque
474 4195 622 4287 princeps
641 4194 769 4273 suisset,
786 4216 843 4283 per
859 4193 978 4261 sotere
990 4215 1090 4262 anuos
1103 4194 1197 4262 uitam
1208 4194 1424 4284 protraxisset

379 4451 611 4521 denotem.
673 4449 1033 4520 2)οιῙ.ιι)...00)1Ποιιρι
1092 4449 1428 4522 urrumnai}
