<?xml version="1.0" encoding="UTF-8"?>
<!DOCTYPE html PUBLIC "-//W3C//DTD XHTML 1.0 Transitional//EN"
    "http://www.w3.org/TR/xhtml1/DTD/xhtml1-transitional.dtd">
<html xmlns="http://www.w3.org/1999/xhtml" xml:lang="en" lang="en">
 <head>
  <title>
</title>
<meta http-equiv="Content-Type" content="text/html;charset=utf-8" />
  <meta name='ocr-system' content='tesseract 3.04.00' />
  <meta name='ocr-capabilities' content='ocr_page ocr_carea ocr_par ocr_line ocrx_word'/>
</head>
<body>
  <div class='ocr_page' id='page_1' title='image "./disputatiodegen00servgoog_0044.png"; bbox 0 0 3194 5302; ppageno 0'>
   <div class='ocr_carea' id='block_1_1' title="bbox 313 462 1291 546">
    <p class='ocr_par' dir='ltr' id='par_1_1' title="bbox 313 462 1291 546">
     <span class='ocr_line' id='line_1_1' title="bbox 313 462 1291 546; baseline 0.005 -25"><span class='ocrx_word' id='word_1_1' title='bbox 313 479 349 528; x_wconf 81' lang='lat' dir='ltr'><strong>o.</strong></span> <span class='ocrx_word' id='word_1_2' title='bbox 363 478 463 522; x_wconf 79' lang='lat' dir='ltr'><strong>riorus</strong></span> <span class='ocrx_word' id='word_1_3' title='bbox 474 479 502 522; x_wconf 87' lang='lat' dir='ltr'><strong>rr.</strong></span> <span class='ocrx_word' id='word_1_4' title='bbox 514 479 542 523; x_wconf 83' lang='lat' dir='ltr'><strong>r.</strong></span> <span class='ocrx_word' id='word_1_5' title='bbox 552 477 715 523; x_wconf 72' lang='lat' dir='ltr'><strong>annuemus</strong></span> <span class='ocrx_word' id='word_1_6' title='bbox 726 462 781 546; x_wconf 83' lang='lat'>(2).</span> <span class='ocrx_word' id='word_1_7' title='bbox 822 463 883 546; x_wconf 75' lang='lat' dir='ltr'><strong>§L</strong></span> <span class='ocrx_word' id='word_1_8' title='bbox 904 479 1013 525; x_wconf 79' lang='lat' dir='ltr'><strong>consus</strong></span> <span class='ocrx_word' id='word_1_9' title='bbox 1024 464 1049 526; x_wconf 92' lang='lat'><strong>1.</strong></span> <span class='ocrx_word' id='word_1_10' title='bbox 1063 465 1132 526; x_wconf 83' lang='lat'><strong>269.</strong></span> <span class='ocrx_word' id='word_1_11' title='bbox 1226 465 1268 526; x_wconf 74' lang='lat'><strong>29</strong></span> <span class='ocrx_word' id='word_1_12' title='bbox 1288 465 1291 470; x_wconf 83' lang='grc'><strong>’</strong></span> 
     </span>
    </p>
   </div>
   <div class='ocr_carea' id='block_1_2' title="bbox 180 654 1350 4353">
    <p class='ocr_par' dir='ltr' id='par_1_2' title="bbox 180 654 1350 4353">
     <span class='ocr_line' id='line_1_2' title="bbox 191 654 1263 748; baseline 0.007 -31"><span class='ocrx_word' id='word_1_13' title='bbox 191 662 280 717; x_wconf 78' lang='lat' dir='ltr'><strong>ructa</strong></span> <span class='ocrx_word' id='word_1_14' title='bbox 308 663 342 718; x_wconf 91' lang='lat' dir='ltr'><strong>et</strong></span> <span class='ocrx_word' id='word_1_15' title='bbox 367 666 560 745; x_wconf 76' lang='lat' dir='ltr'><strong>exaggerata.</strong></span> <span class='ocrx_word' id='word_1_16' title='bbox 609 654 696 721; x_wconf 80' lang='lat' dir='ltr'><strong>Vitio</strong></span> <span class='ocrx_word' id='word_1_17' title='bbox 717 668 880 723; x_wconf 81' lang='lat' dir='ltr'><strong>verterunt</strong></span> <span class='ocrx_word' id='word_1_18' title='bbox 908 655 1031 737; x_wconf 83' lang='lat' dir='ltr'><strong>Cassio,</strong></span> <span class='ocrx_word' id='word_1_19' title='bbox 1059 656 1146 748; x_wconf 89' lang='lat' dir='ltr'><strong>qnod</strong></span> <span class='ocrx_word' id='word_1_20' title='bbox 1169 657 1263 724; x_wconf 90' lang='lat' dir='ltr'><strong>tertio</strong></span> 
     </span>
     <span class='ocr_line' id='line_1_3' title="bbox 188 765 1263 860; baseline 0.007 -31"><span class='ocrx_word' id='word_1_21' title='bbox 188 765 318 844; x_wconf 92' lang='lat' dir='ltr'><strong>consul,</strong></span> <span class='ocrx_word' id='word_1_22' title='bbox 345 765 424 848; x_wconf 88' lang='lat' dir='ltr'><strong>(non</strong></span> <span class='ocrx_word' id='word_1_23' title='bbox 451 768 536 835; x_wconf 90' lang='lat' dir='ltr'><strong>male</strong></span> <span class='ocrx_word' id='word_1_24' title='bbox 563 768 660 859; x_wconf 77' lang='lat' dir='ltr'><strong>igitur</strong></span> <span class='ocrx_word' id='word_1_25' title='bbox 681 769 912 860; x_wconf 80' lang='lat' dir='ltr'><strong>rempublicam</strong></span> <span class='ocrx_word' id='word_1_26' title='bbox 932 770 1165 837; x_wconf 76' lang='lat' dir='ltr'><strong>administrasse</strong></span> <span class='ocrx_word' id='word_1_27' title='bbox 1186 793 1263 837; x_wconf 90' lang='lat' dir='ltr'><strong>cen·</strong></span> 
     </span>
     <span class='ocr_line' id='line_1_4' title="bbox 189 879 1262 975; baseline 0.006 -33"><span class='ocrx_word' id='word_1_28' title='bbox 189 879 306 943; x_wconf 89' lang='lat' dir='ltr'><strong>sendus</strong></span> <span class='ocrx_word' id='word_1_29' title='bbox 326 880 406 968; x_wconf 81' lang='lat' dir='ltr'><strong>est),</strong></span> <span class='ocrx_word' id='word_1_30' title='bbox 425 879 538 946; x_wconf 85' lang='lat' dir='ltr'><strong>foedus</strong></span> <span class='ocrx_word' id='word_1_31' title='bbox 556 880 677 947; x_wconf 79' lang='lat' dir='ltr'>iniisset</span> <span class='ocrx_word' id='word_1_32' title='bbox 693 903 766 947; x_wconf 92' lang='lat' dir='ltr'><strong>cum</strong></span> <span class='ocrx_word' id='word_1_33' title='bbox 780 881 941 962; x_wconf 79' lang='lat' dir='ltr'>Hernicis,</span> <span class='ocrx_word' id='word_1_34' title='bbox 953 904 1091 975; x_wconf 85' lang='lat' dir='ltr'><strong>quorum</strong></span> <span class='ocrx_word' id='word_1_35' title='bbox 1103 883 1167 973; x_wconf 79' lang='lat' dir='ltr'><strong>agri</strong></span> <span class='ocrx_word' id='word_1_36' title='bbox 1179 904 1262 974; x_wconf 87' lang='lat' dir='ltr'><strong>quae</strong></span> 
     </span>
     <span class='ocr_line' id='line_1_5' title="bbox 186 990 1261 1085; baseline 0.006 -31"><span class='ocrx_word' id='word_1_37' title='bbox 186 1012 260 1078; x_wconf 89' lang='lat' dir='ltr'><strong>pars</strong></span> <span class='ocrx_word' id='word_1_38' title='bbox 278 990 317 1056; x_wconf 92' lang='lat' dir='ltr'><strong>iis</strong></span> <span class='ocrx_word' id='word_1_39' title='bbox 335 1004 403 1057; x_wconf 84' lang='lat' dir='ltr'><strong>eret</strong></span> <span class='ocrx_word' id='word_1_40' title='bbox 420 991 562 1073; x_wconf 90' lang='lat' dir='ltr'><strong>ademta,</strong></span> <span class='ocrx_word' id='word_1_41' title='bbox 582 992 703 1060; x_wconf 89' lang='lat' dir='ltr'><strong>Letinis</strong></span> <span class='ocrx_word' id='word_1_42' title='bbox 724 993 872 1074; x_wconf 79' lang='lat' dir='ltr'><strong>dederet,</strong></span> <span class='ocrx_word' id='word_1_43' title='bbox 890 1008 1014 1085; x_wconf 88' lang='lat' dir='ltr'><strong>partem</strong></span> <span class='ocrx_word' id='word_1_44' title='bbox 1033 994 1156 1085; x_wconf 89' lang='lat' dir='ltr'><strong>populo</strong></span> <span class='ocrx_word' id='word_1_45' title='bbox 1175 994 1261 1060; x_wconf 87' lang='lat' dir='ltr'><strong>diri·</strong></span> 
     </span>
     <span class='ocr_line' id='line_1_6' title="bbox 186 1100 1260 1197; baseline 0.005 -31"><span class='ocrx_word' id='word_1_46' title='bbox 186 1100 295 1182; x_wconf 86' lang='lat' dir='ltr'><strong>deret,</strong></span> <span class='ocrx_word' id='word_1_47' title='bbox 324 1101 410 1192; x_wconf 90' lang='lat' dir='ltr'><strong>quod</strong></span> <span class='ocrx_word' id='word_1_48' title='bbox 439 1115 475 1168; x_wconf 90' lang='lat' dir='ltr'><strong>ut</strong></span> <span class='ocrx_word' id='word_1_49' title='bbox 503 1114 589 1170; x_wconf 85' lang='lat' dir='ltr'><strong>recte</strong></span> <span class='ocrx_word' id='word_1_50' title='bbox 609 1105 701 1171; x_wconf 91' lang='lat' dir='ltr'><strong>lieret</strong></span> <span class='ocrx_word' id='word_1_51' title='bbox 721 1116 882 1172; x_wconf 80' lang='lat' dir='ltr'><strong>senatores</strong></span> <span class='ocrx_word' id='word_1_52' title='bbox 901 1106 1033 1197; x_wconf 79' lang='lat' dir='ltr'><strong>qnidam</strong></span> <span class='ocrx_word' id='word_1_53' title='bbox 1058 1118 1260 1185; x_wconf 77' lang='lat' dir='ltr'><strong>crearentur,</strong></span> 
     </span>
     <span class='ocr_line' id='line_1_7' title="bbox 186 1213 1260 1309; baseline 0.007 -32"><span class='ocrx_word' id='word_1_54' title='bbox 186 1213 243 1302; x_wconf 89' lang='lat' dir='ltr'><strong>qui</strong></span> <span class='ocrx_word' id='word_1_55' title='bbox 270 1213 420 1280; x_wconf 74' lang='lat' dir='ltr'><strong>divisioni</strong></span> <span class='ocrx_word' id='word_1_56' title='bbox 447 1230 630 1306; x_wconf 87' lang='lat' dir='ltr'><strong>praeessent</strong></span> <span class='ocrx_word' id='word_1_57' title='bbox 648 1229 680 1283; x_wconf 90' lang='lat' dir='ltr'><strong>et</strong></span> <span class='ocrx_word' id='word_1_58' title='bbox 699 1230 866 1297; x_wconf 83' lang='lat' dir='ltr'><strong>curarent,</strong></span> <span class='ocrx_word' id='word_1_59' title='bbox 888 1231 924 1284; x_wconf 90' lang='lat' dir='ltr'><strong>ut</strong></span> <span class='ocrx_word' id='word_1_60' title='bbox 952 1219 1028 1284; x_wconf 85' lang='lat' dir='ltr'><strong>alias</strong></span> <span class='ocrx_word' id='word_1_61' title='bbox 1049 1241 1179 1309; x_wconf 90' lang='lat' dir='ltr'><strong>quoque</strong></span> <span class='ocrx_word' id='word_1_62' title='bbox 1198 1241 1260 1309; x_wconf 91' lang='lat' dir='ltr'><strong>pu·</strong></span> 
     </span>
     <span class='ocr_line' id='line_1_8' title="bbox 185 1324 1260 1420; baseline 0.006 -30"><span class='ocrx_word' id='word_1_63' title='bbox 185 1324 285 1392; x_wconf 91' lang='lat' dir='ltr'><strong>blicas</strong></span> <span class='ocrx_word' id='word_1_64' title='bbox 305 1338 419 1406; x_wconf 85' lang='lat' dir='ltr'><strong>terras,</strong></span> <span class='ocrx_word' id='word_1_65' title='bbox 439 1350 519 1418; x_wconf 86' lang='lat' dir='ltr'><strong>quas</strong></span> <span class='ocrx_word' id='word_1_66' title='bbox 540 1328 654 1419; x_wconf 75' lang='lat' dir='ltr'><strong>privati</strong></span> <span class='ocrx_word' id='word_1_67' title='bbox 672 1329 886 1420; x_wconf 82' lang='lat' dir='ltr'><strong>possiderent,</strong></span> <span class='ocrx_word' id='word_1_68' title='bbox 903 1327 1260 1396; x_wconf 87' lang='lat' dir='ltr'><strong>melinsdistribueren·</strong></span> 
     </span>
     <span class='ocr_line' id='line_1_9' title="bbox 185 1439 1260 1533; baseline 0.003 -30"><span class='ocrx_word' id='word_1_69' title='bbox 185 1450 257 1516; x_wconf 89' lang='lat' dir='ltr'><strong>tur,</strong></span> <span class='ocrx_word' id='word_1_70' title='bbox 275 1450 308 1505; x_wconf 92' lang='lat' dir='ltr'><strong>et</strong></span> <span class='ocrx_word' id='word_1_71' title='bbox 327 1440 496 1530; x_wconf 88' lang='lat' dir='ltr'><strong>pecuniam</strong></span> <span class='ocrx_word' id='word_1_72' title='bbox 513 1465 572 1532; x_wconf 91' lang='lat' dir='ltr'><strong>pro</strong></span> <span class='ocrx_word' id='word_1_73' title='bbox 591 1439 702 1507; x_wconf 90' lang='lat' dir='ltr'><strong>Siculo</strong></span> <span class='ocrx_word' id='word_1_74' title='bbox 721 1442 882 1508; x_wconf 87' lang='lat' dir='ltr'><strong>frumento</strong></span> <span class='ocrx_word' id='word_1_75' title='bbox 901 1454 967 1508; x_wconf 88' lang='lat' dir='ltr'><strong>tum</strong></span> <span class='ocrx_word' id='word_1_76' title='bbox 987 1441 1120 1509; x_wconf 82' lang='lat' dir='ltr'><strong>adnecto</strong></span> <span class='ocrx_word' id='word_1_77' title='bbox 1137 1441 1260 1533; x_wconf 89' lang='lat' dir='ltr'><strong>populo</strong></span> 
     </span>
     <span class='ocr_line' id='line_1_10' title="bbox 185 1551 1261 1647; baseline 0.004 -30"><span class='ocrx_word' id='word_1_78' title='bbox 185 1553 410 1619; x_wconf 86' lang='lat' dir='ltr'><strong>retribuerent.</strong></span> <span class='ocrx_word' id='word_1_79' title='bbox 459 1551 535 1637; x_wconf 78' lang='lat' dir='ltr'><strong>Quis</strong></span> <span class='ocrx_word' id='word_1_80' title='bbox 565 1577 683 1645; x_wconf 88' lang='lat' dir='ltr'><strong>quaeso</strong></span> <span class='ocrx_word' id='word_1_81' title='bbox 703 1578 766 1621; x_wconf 94' lang='lat' dir='ltr'><strong>non</strong></span> <span class='ocrx_word' id='word_1_82' title='bbox 789 1554 1004 1621; x_wconf 84' lang='lat' dir='ltr'><strong>Graccharum</strong></span> <span class='ocrx_word' id='word_1_83' title='bbox 1026 1555 1134 1646; x_wconf 75' lang='lat' dir='ltr'><strong>legum</strong></span> <span class='ocrx_word' id='word_1_84' title='bbox 1154 1556 1261 1647; x_wconf 91' lang='lat' dir='ltr'><strong>capita</strong></span> 
     </span>
     <span class='ocr_line' id='line_1_11' title="bbox 184 1665 1260 1756; baseline 0.003 -26"><span class='ocrx_word' id='word_1_85' title='bbox 184 1677 352 1755; x_wconf 76' lang='lat' dir='ltr'><strong>agnoscat,</strong></span> <span class='ocrx_word' id='word_1_86' title='bbox 375 1687 458 1755; x_wconf 86' lang='lat' dir='ltr'><strong>quae</strong></span> <span class='ocrx_word' id='word_1_87' title='bbox 478 1665 579 1756; x_wconf 74' lang='lat' dir='ltr'><strong>digito</strong></span> <span class='ocrx_word' id='word_1_88' title='bbox 600 1679 790 1734; x_wconf 87' lang='lat' dir='ltr'><strong>monstrasse</strong></span> <span class='ocrx_word' id='word_1_89' title='bbox 812 1668 957 1735; x_wconf 85' lang='lat' dir='ltr'><strong>sufficiat.</strong></span> <span class='ocrx_word' id='word_1_90' title='bbox 1003 1667 1072 1735; x_wconf 89' lang='lat' dir='ltr'><strong>lam</strong></span> <span class='ocrx_word' id='word_1_91' title='bbox 1093 1685 1260 1735; x_wconf 88' lang='lat' dir='ltr'><strong>accusatur</strong></span> 
     </span>
     <span class='ocr_line' id='line_1_12' title="bbox 184 1779 1261 1873; baseline 0.003 -29"><span class='ocrx_word' id='word_1_92' title='bbox 184 1779 332 1868; x_wconf 87' lang='lat' dir='ltr'><strong>sequenti</strong></span> <span class='ocrx_word' id='word_1_93' title='bbox 353 1800 453 1856; x_wconf 89' lang='lat' dir='ltr'><strong>anuo,</strong></span> <span class='ocrx_word' id='word_1_94' title='bbox 474 1779 556 1844; x_wconf 90' lang='lat' dir='ltr'><strong>acsi</strong></span> <span class='ocrx_word' id='word_1_95' title='bbox 576 1803 686 1871; x_wconf 73' lang='lat' dir='ltr'><strong>agrum</strong></span> <span class='ocrx_word' id='word_1_96' title='bbox 707 1780 748 1847; x_wconf 90' lang='lat' dir='ltr'><strong>de</strong></span> <span class='ocrx_word' id='word_1_97' title='bbox 766 1781 858 1847; x_wconf 91' lang='lat' dir='ltr'><strong>hoste</strong></span> <span class='ocrx_word' id='word_1_98' title='bbox 877 1793 1007 1872; x_wconf 88' lang='lat' dir='ltr'><strong>captum</strong></span> <span class='ocrx_word' id='word_1_99' title='bbox 1031 1804 1088 1847; x_wconf 91' lang='lat' dir='ltr'><strong>suo</strong></span> <span class='ocrx_word' id='word_1_100' title='bbox 1109 1781 1178 1847; x_wconf 88' lang='lat' dir='ltr'><strong>iore</strong></span> <span class='ocrx_word' id='word_1_101' title='bbox 1199 1805 1261 1873; x_wconf 89' lang='lat' dir='ltr'><strong>po·</strong></span> 
     </span>
     <span class='ocr_line' id='line_1_13' title="bbox 184 1890 1258 1986; baseline 0.005 -30"><span class='ocrx_word' id='word_1_102' title='bbox 184 1891 266 1983; x_wconf 91' lang='lat' dir='ltr'><strong>pulo</strong></span> <span class='ocrx_word' id='word_1_103' title='bbox 286 1890 445 1981; x_wconf 91' lang='lat' dir='ltr'><strong>sociisque</strong></span> <span class='ocrx_word' id='word_1_104' title='bbox 466 1890 636 1972; x_wconf 78' lang='lat' dir='ltr'><strong>divisisset,</strong></span> <span class='ocrx_word' id='word_1_105' title='bbox 660 1895 818 1960; x_wconf 88' lang='lat' dir='ltr'><strong>renitente</strong></span> <span class='ocrx_word' id='word_1_106' title='bbox 836 1906 961 1960; x_wconf 90' lang='lat' dir='ltr'><strong>tantum</strong></span> <span class='ocrx_word' id='word_1_107' title='bbox 984 1893 1123 1986; x_wconf 76' lang='lat' dir='ltr'><strong>collega,</strong></span> <span class='ocrx_word' id='word_1_108' title='bbox 1149 1917 1258 1961; x_wconf 85' lang='lat' dir='ltr'><strong>rerum</strong></span> 
     </span>
     <span class='ocr_line' id='line_1_14' title="bbox 182 2002 1259 2098; baseline 0.004 -30"><span class='ocrx_word' id='word_1_109' title='bbox 182 2002 329 2070; x_wconf 92' lang='lat' dir='ltr'><strong>nondum</strong></span> <span class='ocrx_word' id='word_1_110' title='bbox 352 2004 432 2070; x_wconf 91' lang='lat' dir='ltr'><strong>mihi</strong></span> <span class='ocrx_word' id='word_1_111' title='bbox 449 2027 635 2096; x_wconf 88' lang='lat' dir='ltr'><strong>persuasum</strong></span> <span class='ocrx_word' id='word_1_112' title='bbox 653 2019 701 2072; x_wconf 90' lang='lat' dir='ltr'><strong>est</strong></span> <span class='ocrx_word' id='word_1_113' title='bbox 716 2019 821 2098; x_wconf 89' lang='lat' dir='ltr'><strong>patres</strong></span> <span class='ocrx_word' id='word_1_114' title='bbox 837 2008 1033 2098; x_wconf 87' lang='lat' dir='ltr'><strong>conscriptos</strong></span> <span class='ocrx_word' id='word_1_115' title='bbox 1050 2006 1125 2072; x_wconf 89' lang='lat' dir='ltr'><strong>talia</strong></span> <span class='ocrx_word' id='word_1_116' title='bbox 1145 2007 1259 2073; x_wconf 88' lang='lat' dir='ltr'><strong>decer-</strong></span> 
     </span>
     <span class='ocr_line' id='line_1_15' title="bbox 182 2117 1259 2207; baseline 0.004 -26"><span class='ocrx_word' id='word_1_117' title='bbox 182 2139 259 2182; x_wconf 90' lang='lat' dir='ltr'><strong>nere</strong></span> <span class='ocrx_word' id='word_1_118' title='bbox 288 2117 449 2207; x_wconf 89' lang='lat' dir='ltr'><strong>potuisse,</strong></span> <span class='ocrx_word' id='word_1_119' title='bbox 481 2117 583 2183; x_wconf 84' lang='lat' dir='ltr'><strong>fertur</strong></span> <span class='ocrx_word' id='word_1_120' title='bbox 610 2118 651 2184; x_wconf 90' lang='lat' dir='ltr'><strong>ab</strong></span> <span class='ocrx_word' id='word_1_121' title='bbox 678 2118 747 2185; x_wconf 87' lang='lat' dir='ltr'><strong>aliis</strong></span> <span class='ocrx_word' id='word_1_122' title='bbox 775 2120 838 2185; x_wconf 92' lang='lat' dir='ltr'><strong>tale</strong></span> <span class='ocrx_word' id='word_1_123' title='bbox 856 2120 1166 2185; x_wconf 82' lang='lat' dir='ltr'><strong>senatusconsultum</strong></span> <span class='ocrx_word' id='word_1_124' title='bbox 1192 2143 1259 2186; x_wconf 89' lang='lat' dir='ltr'><strong>esse</strong></span> 
     </span>
     <span class='ocr_line' id='line_1_16' title="bbox 182 2227 1258 2320; baseline 0.001 -27"><span class='ocrx_word' id='word_1_125' title='bbox 182 2230 320 2307; x_wconf 84' lang='lat' dir='ltr'><strong>factum,</strong></span> <span class='ocrx_word' id='word_1_126' title='bbox 349 2227 405 2294; x_wconf 88' lang='lat' dir='ltr'><strong>sed</strong></span> <span class='ocrx_word' id='word_1_127' title='bbox 424 2251 459 2293; x_wconf 91' lang='lat' dir='ltr'><strong>ea</strong></span> <span class='ocrx_word' id='word_1_128' title='bbox 481 2227 680 2308; x_wconf 89' lang='lat' dir='ltr'><strong>conditione,</strong></span> <span class='ocrx_word' id='word_1_129' title='bbox 710 2241 745 2295; x_wconf 89' lang='lat' dir='ltr'><strong>ut</strong></span> <span class='ocrx_word' id='word_1_130' title='bbox 770 2228 931 2320; x_wconf 89' lang='lat' dir='ltr'><strong>sequentis</strong></span> <span class='ocrx_word' id='word_1_131' title='bbox 951 2228 1026 2294; x_wconf 90' lang='lat' dir='ltr'><strong>anni</strong></span> <span class='ocrx_word' id='word_1_132' title='bbox 1047 2229 1195 2294; x_wconf 90' lang='lat' dir='ltr'><strong>consules</strong></span> <span class='ocrx_word' id='word_1_133' title='bbox 1216 2230 1258 2294; x_wconf 90' lang='lat' dir='ltr'><strong>il-</strong></span> 
     </span>
     <span class='ocr_line' id='line_1_17' title="bbox 181 2340 1350 2434; baseline 0 -26"><span class='ocrx_word' id='word_1_134' title='bbox 181 2341 238 2408; x_wconf 92' lang='lat' dir='ltr'><strong>lud</strong></span> <span class='ocrx_word' id='word_1_135' title='bbox 260 2340 493 2433; x_wconf 89' lang='lat' dir='ltr'><strong>perficiendum</strong></span> <span class='ocrx_word' id='word_1_136' title='bbox 512 2355 675 2422; x_wconf 82' lang='lat' dir='ltr'><strong>curarent3</strong></span> <span class='ocrx_word' id='word_1_137' title='bbox 703 2341 790 2434; x_wconf 89' lang='lat' dir='ltr'><strong>quod</strong></span> <span class='ocrx_word' id='word_1_138' title='bbox 811 2343 837 2409; x_wconf 92' lang='lat' dir='ltr'><strong>si</strong></span> <span class='ocrx_word' id='word_1_139' title='bbox 858 2365 968 2408; x_wconf 86' lang='lat' dir='ltr'><strong>verum</strong></span> <span class='ocrx_word' id='word_1_140' title='bbox 989 2352 1088 2420; x_wconf 92' lang='lat' dir='ltr'><strong>esset,</strong></span> <span class='ocrx_word' id='word_1_141' title='bbox 1112 2342 1258 2408; x_wconf 90' lang='lat' dir='ltr'><strong>consules</strong></span> <span class='ocrx_word' id='word_1_142' title='bbox 1344 2402 1350 2421; x_wconf 84' lang='grc'><em>,</em></span> 
     </span>
     <span class='ocr_line' id='line_1_18' title="bbox 182 2454 1257 2547; baseline 0 -26"><span class='ocrx_word' id='word_1_143' title='bbox 182 2456 319 2522; x_wconf 82' lang='lat' dir='ltr'><strong>Fabium</strong></span> <span class='ocrx_word' id='word_1_144' title='bbox 342 2467 484 2522; x_wconf 90' lang='lat' dir='ltr'><strong>nostrum</strong></span> <span class='ocrx_word' id='word_1_145' title='bbox 506 2456 638 2547; x_wconf 89' lang='lat' dir='ltr'><strong>eiusque</strong></span> <span class='ocrx_word' id='word_1_146' title='bbox 657 2456 811 2546; x_wconf 81' lang='lat' dir='ltr'><strong>collegam</strong></span> <span class='ocrx_word' id='word_1_147' title='bbox 827 2454 889 2522; x_wconf 92' lang='lat' dir='ltr'><strong>hoc</strong></span> <span class='ocrx_word' id='word_1_148' title='bbox 906 2455 1069 2522; x_wconf 88' lang='lat' dir='ltr'><strong>decretum</strong></span> <span class='ocrx_word' id='word_1_149' title='bbox 1086 2456 1257 2536; x_wconf 88' lang='lat' dir='ltr'><strong>tenuisset,</strong></span> 
     </span>
     <span class='ocr_line' id='line_1_19' title="bbox 182 2568 1258 2661; baseline -0.001 -27"><span class='ocrx_word' id='word_1_150' title='bbox 182 2568 271 2661; x_wconf 89' lang='lat' dir='ltr'><strong>quod</strong></span> <span class='ocrx_word' id='word_1_151' title='bbox 302 2583 409 2635; x_wconf 90' lang='lat' dir='ltr'><strong>tamen</strong></span> <span class='ocrx_word' id='word_1_152' title='bbox 437 2592 501 2635; x_wconf 91' lang='lat' dir='ltr'><strong>non</strong></span> <span class='ocrx_word' id='word_1_153' title='bbox 528 2569 648 2635; x_wconf 85' lang='lat' dir='ltr'><strong>lactum</strong></span> <span class='ocrx_word' id='word_1_154' title='bbox 677 2569 821 2636; x_wconf 84' lang='lat' dir='ltr'><strong>traditur.</strong></span> <span class='ocrx_word' id='word_1_155' title='bbox 869 2568 1015 2660; x_wconf 85' lang='lat' dir='ltr'><strong>Denique</strong></span> <span class='ocrx_word' id='word_1_156' title='bbox 1039 2569 1258 2634; x_wconf 89' lang='lat' dir='ltr'><strong>»damnatum</strong></span> 
     </span>
     <span class='ocr_line' id='line_1_20' title="bbox 181 2680 1257 2774; baseline -0.001 -26"><span class='ocrx_word' id='word_1_157' title='bbox 181 2694 397 2774; x_wconf 89' lang='lat' dir='ltr'><strong>necatumque</strong></span> <span class='ocrx_word' id='word_1_158' title='bbox 426 2686 569 2749; x_wconf 84' lang='lat' dir='ltr'><strong>constnt&#39;&#39;</strong></span> <span class='ocrx_word' id='word_1_159' title='bbox 598 2683 709 2749; x_wconf 88' lang='lat' dir='ltr'><strong>scribit</strong></span> <span class='ocrx_word' id='word_1_160' title='bbox 740 2683 863 2762; x_wconf 76' lang='lat' dir='ltr'><strong>Livius,</strong></span> <span class='ocrx_word' id='word_1_161' title='bbox 893 2680 947 2748; x_wconf 86' lang='lat' dir='ltr'><strong>sed</strong></span> <span class='ocrx_word' id='word_1_162' title='bbox 975 2705 1040 2747; x_wconf 92' lang='lat' dir='ltr'><strong>non</strong></span> <span class='ocrx_word' id='word_1_163' title='bbox 1068 2680 1163 2748; x_wconf 92' lang='lat' dir='ltr'><strong>oredo</strong></span> <span class='ocrx_word' id='word_1_164' title='bbox 1182 2704 1257 2747; x_wconf 89' lang='lat' dir='ltr'><strong>eum</strong></span> 
     </span>
     <span class='ocr_line' id='line_1_21' title="bbox 181 2794 1256 2887; baseline -0.001 -26"><span class='ocrx_word' id='word_1_165' title='bbox 181 2808 314 2887; x_wconf 90' lang='lat' dir='ltr'><strong>propter</strong></span> <span class='ocrx_word' id='word_1_166' title='bbox 340 2796 555 2887; x_wconf 87' lang='lat' dir='ltr'><strong>suspicionem</strong></span> <span class='ocrx_word' id='word_1_167' title='bbox 587 2797 677 2887; x_wconf 79' lang='lat' dir='ltr'><strong>regni</strong></span> <span class='ocrx_word' id='word_1_168' title='bbox 698 2796 819 2862; x_wconf 91' lang='lat' dir='ltr'><strong>scilicet</strong></span> <span class='ocrx_word' id='word_1_169' title='bbox 839 2818 906 2861; x_wconf 90' lang='lat' dir='ltr'><strong>esse</strong></span> <span class='ocrx_word' id='word_1_170' title='bbox 932 2794 1138 2874; x_wconf 85' lang='lat' dir='ltr'><strong>damnatum,</strong></span> <span class='ocrx_word' id='word_1_171' title='bbox 1168 2795 1256 2887; x_wconf 88' lang='lat' dir='ltr'><strong>quod</strong></span> 
     </span>
     <span class='ocr_line' id='line_1_22' title="bbox 182 2908 1257 3000; baseline 0.001 -26"><span class='ocrx_word' id='word_1_172' title='bbox 182 2909 254 2999; x_wconf 74' lang='lat' dir='ltr'><strong>lege</strong></span> <span class='ocrx_word' id='word_1_173' title='bbox 279 2910 399 3000; x_wconf 81' lang='lat' dir='ltr'><strong>agreria</strong></span> <span class='ocrx_word' id='word_1_174' title='bbox 427 2908 613 2975; x_wconf 89' lang='lat' dir='ltr'><strong>ambitiosus</strong></span> <span class='ocrx_word' id='word_1_175' title='bbox 641 2910 673 2974; x_wconf 94' lang='lat' dir='ltr'><strong>in</strong></span> <span class='ocrx_word' id='word_1_176' title='bbox 700 2911 802 2976; x_wconf 91' lang='lat' dir='ltr'><strong>socios</strong></span> <span class='ocrx_word' id='word_1_177' title='bbox 827 2909 987 2976; x_wconf 79' lang='lat' dir='ltr'><strong>rideretur</strong></span> <span class='ocrx_word' id='word_1_178' title='bbox 1005 2931 1130 2975; x_wconf 91' lang='lat' dir='ltr'><strong>necnon</strong></span> <span class='ocrx_word' id='word_1_179' title='bbox 1150 2933 1257 3000; x_wconf 88' lang='lat' dir='ltr'><strong>popu·</strong></span> 
     </span>
     <span class='ocr_line' id='line_1_23' title="bbox 182 3019 1257 3111; baseline 0.003 -26"><span class='ocrx_word' id='word_1_180' title='bbox 182 3020 267 3087; x_wconf 88' lang='lat' dir='ltr'><strong>laris.</strong></span> <span class='ocrx_word' id='word_1_181' title='bbox 287 3021 375 3087; x_wconf 89' lang='lat' dir='ltr'><strong>Haec</strong></span> <span class='ocrx_word' id='word_1_182' title='bbox 388 3033 420 3088; x_wconf 88' lang='lat' dir='ltr'><strong>et</strong></span> <span class='ocrx_word' id='word_1_183' title='bbox 431 3020 653 3087; x_wconf 88' lang='lat' dir='ltr'><strong>huiuscemodi</strong></span> <span class='ocrx_word' id='word_1_184' title='bbox 663 3021 771 3111; x_wconf 89' lang='lat' dir='ltr'><strong>plura,</strong></span> <span class='ocrx_word' id='word_1_185' title='bbox 782 3043 864 3109; x_wconf 88' lang='lat' dir='ltr'><strong>quae</strong></span> <span class='ocrx_word' id='word_1_186' title='bbox 876 3019 948 3086; x_wconf 82' lang='lat' dir='ltr'><strong>ride</strong></span> <span class='ocrx_word' id='word_1_187' title='bbox 958 3019 1043 3110; x_wconf 83' lang='lat' dir='ltr'><strong>apud</strong></span> <span class='ocrx_word' id='word_1_188' title='bbox 1054 3020 1257 3109; x_wconf 78' lang='lat' dir='ltr'><strong>Dionysium,</strong></span> 
     </span>
     <span class='ocr_line' id='line_1_24' title="bbox 182 3132 1257 3225; baseline 0.001 -26"><span class='ocrx_word' id='word_1_189' title='bbox 182 3134 310 3199; x_wconf 88' lang='lat' dir='ltr'><strong>crimini</strong></span> <span class='ocrx_word' id='word_1_190' title='bbox 326 3132 433 3200; x_wconf 81' lang='lat' dir='ltr'><strong>Cassio</strong></span> <span class='ocrx_word' id='word_1_191' title='bbox 454 3146 616 3199; x_wconf 86' lang='lat' dir='ltr'><strong>verterunt</strong></span> <span class='ocrx_word' id='word_1_192' title='bbox 639 3147 838 3225; x_wconf 61' lang='lat' dir='ltr'><strong>quaestorem</strong></span> <span class='ocrx_word' id='word_1_193' title='bbox 854 3157 894 3199; x_wconf 89' lang='lat' dir='ltr'><strong>an</strong></span> <span class='ocrx_word' id='word_1_194' title='bbox 912 3134 997 3213; x_wconf 89' lang='lat' dir='ltr'><strong>iure,</strong></span> <span class='ocrx_word' id='word_1_195' title='bbox 1016 3134 1166 3224; x_wconf 87' lang='lat' dir='ltr'><strong>equidem</strong></span> <span class='ocrx_word' id='word_1_196' title='bbox 1188 3136 1257 3200; x_wconf 82' lang='lat' dir='ltr'><strong>ral-</strong></span> 
     </span>
     <span class='ocr_line' id='line_1_25' title="bbox 182 3245 1257 3337; baseline 0.001 -24"><span class='ocrx_word' id='word_1_197' title='bbox 182 3248 222 3314; x_wconf 89' lang='lat' dir='ltr'><strong>de</strong></span> <span class='ocrx_word' id='word_1_198' title='bbox 244 3246 374 3327; x_wconf 87' lang='lat' dir='ltr'><strong>dubito;</strong></span> <span class='ocrx_word' id='word_1_199' title='bbox 395 3249 420 3313; x_wconf 92' lang='lat' dir='ltr'><strong>si</strong></span> <span class='ocrx_word' id='word_1_200' title='bbox 440 3248 503 3313; x_wconf 93' lang='lat' dir='ltr'><strong>iam</strong></span> <span class='ocrx_word' id='word_1_201' title='bbox 527 3246 602 3312; x_wconf 90' lang='lat' dir='ltr'><strong>talia</strong></span> <span class='ocrx_word' id='word_1_202' title='bbox 622 3245 738 3312; x_wconf 91' lang='lat' dir='ltr'><strong>indicia</strong></span> <span class='ocrx_word' id='word_1_203' title='bbox 761 3248 851 3337; x_wconf 79' lang='lat' dir='ltr'><strong>regni</strong></span> <span class='ocrx_word' id='word_1_204' title='bbox 873 3245 1046 3313; x_wconf 87' lang='lat' dir='ltr'><strong>affectandi</strong></span> <span class='ocrx_word' id='word_1_205' title='bbox 1065 3259 1130 3312; x_wconf 91' lang='lat' dir='ltr'><strong>tam</strong></span> <span class='ocrx_word' id='word_1_206' title='bbox 1150 3271 1257 3314; x_wconf 87' lang='lat' dir='ltr'><strong>serere</strong></span> 
     </span>
     <span class='ocr_line' id='line_1_26' title="bbox 181 3358 1256 3449; baseline 0.003 -26"><span class='ocrx_word' id='word_1_207' title='bbox 181 3360 387 3449; x_wconf 89' lang='lat' dir='ltr'><strong>punirentur,</strong></span> <span class='ocrx_word' id='word_1_208' title='bbox 407 3359 485 3449; x_wconf 91' lang='lat' dir='ltr'><strong>quid</strong></span> <span class='ocrx_word' id='word_1_209' title='bbox 503 3383 568 3425; x_wconf 92' lang='lat' dir='ltr'><strong>non</strong></span> <span class='ocrx_word' id='word_1_210' title='bbox 592 3359 796 3425; x_wconf 90' lang='lat' dir='ltr'><strong>continuatus</strong></span> <span class='ocrx_word' id='word_1_211' title='bbox 818 3360 850 3423; x_wconf 96' lang='lat' dir='ltr'><strong>in</strong></span> <span class='ocrx_word' id='word_1_212' title='bbox 875 3358 1048 3424; x_wconf 83' lang='lat' dir='ltr'><strong>Fabiorum</strong></span> <span class='ocrx_word' id='word_1_213' title='bbox 1065 3358 1161 3425; x_wconf 90' lang='lat' dir='ltr'><strong>domo</strong></span> <span class='ocrx_word' id='word_1_214' title='bbox 1179 3384 1256 3426; x_wconf 91' lang='lat' dir='ltr'><strong>con·</strong></span> 
     </span>
     <span class='ocr_line' id='line_1_27' title="bbox 182 3471 1255 3564; baseline 0.002 -27"><span class='ocrx_word' id='word_1_215' title='bbox 182 3471 303 3538; x_wconf 88' lang='lat' dir='ltr'><strong>sulatus</strong></span> <span class='ocrx_word' id='word_1_216' title='bbox 335 3473 483 3553; x_wconf 84' lang='lat' dir='ltr'><strong>offendit3</strong></span> <span class='ocrx_word' id='word_1_217' title='bbox 507 3485 645 3564; x_wconf 89' lang='lat' dir='ltr'><strong>potestas</strong></span> <span class='ocrx_word' id='word_1_218' title='bbox 674 3473 851 3537; x_wconf 85' lang='lat' dir='ltr'><strong>consularis</strong></span> <span class='ocrx_word' id='word_1_219' title='bbox 881 3473 975 3537; x_wconf 89' lang='lat' dir='ltr'><strong>nimis</strong></span> <span class='ocrx_word' id='word_1_220' title='bbox 1002 3473 1147 3538; x_wconf 87' lang='lat' dir='ltr'><strong>restricte</strong></span> <span class='ocrx_word' id='word_1_221' title='bbox 1173 3486 1255 3548; x_wconf 83' lang='lat' dir='ltr'><strong>erat,</strong></span> 
     </span>
     <span class='ocr_line' id='line_1_28' title="bbox 181 3584 1256 3676; baseline 0.003 -27"><span class='ocrx_word' id='word_1_222' title='bbox 181 3608 280 3675; x_wconf 86' lang='lat' dir='ltr'><strong>quom</strong></span> <span class='ocrx_word' id='word_1_223' title='bbox 298 3597 332 3650; x_wconf 92' lang='lat' dir='ltr'><strong>ut</strong></span> <span class='ocrx_word' id='word_1_224' title='bbox 349 3609 450 3676; x_wconf 89' lang='lat' dir='ltr'><strong>poena</strong></span> <span class='ocrx_word' id='word_1_225' title='bbox 466 3586 561 3676; x_wconf 78' lang='lat' dir='ltr'><strong>digna</strong></span> <span class='ocrx_word' id='word_1_226' title='bbox 578 3584 702 3652; x_wconf 81' lang='lat' dir='ltr'><strong>Cassius</strong></span> <span class='ocrx_word' id='word_1_227' title='bbox 719 3585 943 3665; x_wconf 86' lang='lat' dir='ltr'><strong>commisisset,</strong></span> <span class='ocrx_word' id='word_1_228' title='bbox 961 3608 1020 3651; x_wconf 91' lang='lat' dir='ltr'><strong>nec</strong></span> <span class='ocrx_word' id='word_1_229' title='bbox 1038 3600 1164 3653; x_wconf 88' lang='lat' dir='ltr'><strong>senatus</strong></span> <span class='ocrx_word' id='word_1_230' title='bbox 1181 3588 1256 3652; x_wconf 89' lang='lat' dir='ltr'><strong>talia</strong></span> 
     </span>
     <span class='ocr_line' id='line_1_29' title="bbox 180 3697 1255 3790; baseline 0.002 -28"><span class='ocrx_word' id='word_1_231' title='bbox 180 3697 314 3788; x_wconf 90' lang='lat' dir='ltr'><strong>impune</strong></span> <span class='ocrx_word' id='word_1_232' title='bbox 333 3698 543 3787; x_wconf 89' lang='lat' dir='ltr'><strong>permisisset,</strong></span> <span class='ocrx_word' id='word_1_233' title='bbox 567 3720 626 3763; x_wconf 90' lang='lat' dir='ltr'><strong>nec</strong></span> <span class='ocrx_word' id='word_1_234' title='bbox 650 3698 755 3765; x_wconf 89' lang='lat' dir='ltr'><strong>curiae</strong></span> <span class='ocrx_word' id='word_1_235' title='bbox 777 3698 931 3764; x_wconf 78' lang='lat' dir='ltr'><strong>sivissent.</strong></span> <span class='ocrx_word' id='word_1_236' title='bbox 976 3698 1064 3783; x_wconf 78' lang='lat' dir='ltr'><strong>Quae</strong></span> <span class='ocrx_word' id='word_1_237' title='bbox 1089 3722 1189 3790; x_wconf 85' lang='lat' dir='ltr'><strong>quum</strong></span> <span class='ocrx_word' id='word_1_238' title='bbox 1210 3700 1255 3764; x_wconf 84' lang='lat' dir='ltr'><strong>ite</strong></span> 
     </span>
     <span class='ocr_line' id='line_1_30' title="bbox 181 3807 1255 3898; baseline 0.002 -24"><span class='ocrx_word' id='word_1_239' title='bbox 181 3820 274 3887; x_wconf 87' lang='lat' dir='ltr'><strong>sunt,</strong></span> <span class='ocrx_word' id='word_1_240' title='bbox 292 3807 434 3873; x_wconf 87' lang='lat' dir='ltr'><strong>historici</strong></span> <span class='ocrx_word' id='word_1_241' title='bbox 455 3820 489 3872; x_wconf 90' lang='lat' dir='ltr'><strong>ut</strong></span> <span class='ocrx_word' id='word_1_242' title='bbox 509 3807 630 3898; x_wconf 91' lang='lat' dir='ltr'><strong>aliquid</strong></span> <span class='ocrx_word' id='word_1_243' title='bbox 648 3809 789 3874; x_wconf 92' lang='lat' dir='ltr'><strong>oriminis</strong></span> <span class='ocrx_word' id='word_1_244' title='bbox 805 3808 940 3889; x_wconf 87' lang='lat' dir='ltr'><strong>adesset,</strong></span> <span class='ocrx_word' id='word_1_245' title='bbox 962 3809 1003 3876; x_wconf 92' lang='lat' dir='ltr'><strong>de</strong></span> <span class='ocrx_word' id='word_1_246' title='bbox 1022 3833 1078 3875; x_wconf 90' lang='lat' dir='ltr'><strong>suo</strong></span> <span class='ocrx_word' id='word_1_247' title='bbox 1096 3811 1255 3876; x_wconf 85' lang='lat' dir='ltr'><strong>finxerunt</strong></span> 
     </span>
     <span class='ocr_line' id='line_1_31' title="bbox 180 3903 1303 4012; baseline 0.006 -24"><span class='ocrx_word' id='word_1_248' title='bbox 180 3923 334 4012; x_wconf 49' lang='lat' dir='ltr'><strong>nixque</strong></span> <span class='ocrx_word' id='word_1_249' title='bbox 350 3922 383 3988; x_wconf 74' lang='lat' dir='ltr'><strong>in</strong></span> <span class='ocrx_word' id='word_1_250' title='bbox 400 3945 434 3987; x_wconf 70' lang='lat' dir='ltr'><strong>re</strong></span> <span class='ocrx_word' id='word_1_251' title='bbox 448 3922 618 4010; x_wconf 70' lang='lat' dir='ltr'><strong>nronysrus</strong></span> <span class='ocrx_word' id='word_1_252' title='bbox 634 3903 763 4011; x_wconf 65' lang='lat' dir='ltr'><strong>ingente</strong></span> <span class='ocrx_word' id='word_1_253' title='bbox 778 3923 872 3988; x_wconf 74' lang='lat' dir='ltr'><strong>nimis</strong></span> <span class='ocrx_word' id='word_1_254' title='bbox 884 3922 1118 4002; x_wconf 64' lang='lat' dir='ltr'><strong>incursionum</strong></span> <span class='ocrx_word' id='word_1_255' title='bbox 1130 3924 1254 4003; x_wconf 72' lang='lat' dir='ltr'><strong>Livius,</strong></span> <span class='ocrx_word' id='word_1_256' title='bbox 1298 3986 1303 3995; x_wconf 79' lang='grc'><em>,</em></span> 
     </span>
     <span class='ocr_line' id='line_1_32' title="bbox 181 4022 1342 4125; baseline 0.003 -26"><span class='ocrx_word' id='word_1_257' title='bbox 181 4037 239 4125; x_wconf 88' lang='lat' dir='ltr'><strong>qui</strong></span> <span class='ocrx_word' id='word_1_258' title='bbox 265 4058 373 4101; x_wconf 90' lang='lat' dir='ltr'><strong>omnes</strong></span> <span class='ocrx_word' id='word_1_259' title='bbox 398 4035 483 4125; x_wconf 77' lang='lat' dir='ltr'><strong>leges</strong></span> <span class='ocrx_word' id='word_1_260' title='bbox 508 4036 642 4125; x_wconf 77' lang='lat' dir='ltr'><strong>agrarius</strong></span> <span class='ocrx_word' id='word_1_261' title='bbox 662 4034 787 4114; x_wconf 89' lang='lat' dir='ltr'><strong>oderat,</strong></span> <span class='ocrx_word' id='word_1_262' title='bbox 811 4034 898 4101; x_wconf 91' lang='lat' dir='ltr'><strong>hunc</strong></span> <span class='ocrx_word' id='word_1_263' title='bbox 918 4036 1024 4102; x_wconf 91' lang='lat' dir='ltr'><strong>locum</strong></span> <span class='ocrx_word' id='word_1_264' title='bbox 1048 4035 1114 4103; x_wconf 90' lang='lat' dir='ltr'><strong>lere</strong></span> <span class='ocrx_word' id='word_1_265' title='bbox 1135 4037 1254 4105; x_wconf 84' lang='lat' dir='ltr'><strong>inritus</strong></span> <span class='ocrx_word' id='word_1_266' title='bbox 1339 4022 1342 4027; x_wconf 28' lang='lat'><strong>¹</strong></span> 
     </span>
     <span class='ocr_line' id='line_1_33' title="bbox 181 4146 1253 4239; baseline 0.004 -28"><span class='ocrx_word' id='word_1_267' title='bbox 181 4146 426 4214; x_wconf 87' lang='lat' dir='ltr'><strong>administrarit.</strong></span> <span class='ocrx_word' id='word_1_268' title='bbox 474 4147 572 4212; x_wconf 87' lang='lat' dir='ltr'><strong>Miror</strong></span> <span class='ocrx_word' id='word_1_269' title='bbox 594 4159 699 4212; x_wconf 91' lang='lat' dir='ltr'><strong>tamen</strong></span> <span class='ocrx_word' id='word_1_270' title='bbox 718 4171 736 4211; x_wconf 93' lang='lat' dir='ltr'><strong>a</strong></span> <span class='ocrx_word' id='word_1_271' title='bbox 756 4146 907 4235; x_wconf 69' lang='lat' dir='ltr'><strong>Dionysio</strong></span> <span class='ocrx_word' id='word_1_272' title='bbox 925 4170 991 4211; x_wconf 94' lang='lat' dir='ltr'><strong>non</strong></span> <span class='ocrx_word' id='word_1_273' title='bbox 1010 4160 1168 4239; x_wconf 86' lang='lat' dir='ltr'><strong>arreptum</strong></span> <span class='ocrx_word' id='word_1_274' title='bbox 1187 4173 1253 4216; x_wconf 88' lang='lat' dir='ltr'><strong>esse</strong></span> 
     </span>
     <span class='ocr_line' id='line_1_34' title="bbox 182 4258 1249 4353; baseline 0.002 -27"><span class='ocrx_word' id='word_1_275' title='bbox 182 4258 350 4326; x_wconf 85' lang='lat' dir='ltr'><strong>Cassianae</strong></span> <span class='ocrx_word' id='word_1_276' title='bbox 379 4260 576 4351; x_wconf 80' lang='lat' dir='ltr'><strong>arrogantiae</strong></span> <span class='ocrx_word' id='word_1_277' title='bbox 606 4259 776 4340; x_wconf 87' lang='lat' dir='ltr'><strong>indicium,</strong></span> <span class='ocrx_word' id='word_1_278' title='bbox 808 4259 848 4325; x_wconf 88' lang='lat' dir='ltr'><strong>de</strong></span> <span class='ocrx_word' id='word_1_279' title='bbox 875 4282 940 4350; x_wconf 89' lang='lat' dir='ltr'><strong>quo</strong></span> <span class='ocrx_word' id='word_1_280' title='bbox 964 4261 1049 4353; x_wconf 88' lang='lat' dir='ltr'><strong>apud</strong></span> <span class='ocrx_word' id='word_1_281' title='bbox 1071 4261 1211 4328; x_wconf 89' lang='lat' dir='ltr'><strong>Plinium</strong></span> <span class='ocrx_word' id='word_1_282' title='bbox 1238 4276 1249 4312; x_wconf 80' lang='lat'><strong>¹</strong></span> 
     </span>
    </p>
   </div>
   <div class='ocr_carea' id='block_1_3' title="bbox 210 4522 538 4591">
    <p class='ocr_par' dir='ltr' id='par_1_3' title="bbox 210 4522 538 4591">
     <span class='ocr_line' id='line_1_35' title="bbox 210 4522 538 4591; baseline 0.012 -17"><span class='ocrx_word' id='word_1_283' title='bbox 210 4523 231 4591; x_wconf 73' lang='grc' dir='ltr'><strong>ι)</strong></span> <span class='ocrx_word' id='word_1_284' title='bbox 249 4522 286 4574; x_wconf 81' lang='lat' dir='ltr'><strong>x.</strong></span> <span class='ocrx_word' id='word_1_285' title='bbox 305 4523 343 4577; x_wconf 85' lang='lat' dir='ltr'><strong>N.</strong></span> <span class='ocrx_word' id='word_1_286' title='bbox 362 4525 494 4578; x_wconf 82' lang='lat' dir='ltr'><strong>xxxiv.</strong></span> <span class='ocrx_word' id='word_1_287' title='bbox 513 4531 538 4579; x_wconf 85' lang='lat' dir='ltr'><strong>e.</strong></span> 
     </span>
    </p>
   </div>
   <div class='ocr_carea' id='block_1_4' title="bbox 0 0 1602 5302">
    <p class='ocr_par' dir='ltr' id='par_1_4' title="bbox 0 0 1602 5302">
     <span class='ocr_line' id='line_1_36' title="bbox 0 0 1602 5302; baseline 0 2"><span class='ocrx_word' id='word_1_288' title='bbox 0 0 1602 5302; x_wconf 95' lang='lat' dir='ltr'><strong> </strong></span> 
     </span>
    </p>
   </div>
  </div>
 </body>
</html>
