3212 5294
270 431 291 514 5
302 433 331 497 2.
353 424 891 502 raananonrnrnrnrs,rnnurou565.
912 427 933 509 5
944 427 973 489 3.
994 445 1071 489 uons
1081 429 1150 491 587.
1211 378 1280 491 ⁴201

213 650 281 692 esse
300 622 419 691 famem
441 636 450 674 ¹
479 633 600 713 partem
621 619 819 687 sacerdotum
841 621 1071 712 flaminumqnc
1088 624 1186 714 paulo
1205 639 1278 694 ante

213 739 338 806 Urbem
368 750 493 826 captam
520 737 668 826 migrasse
689 733 800 812 Veios,
823 733 899 800 dum
919 735 1017 801 altera
1037 759 1108 824 pars
1127 738 1159 802 in
1181 736 1277 830 Capi-

217 852 330 917 tolium
351 849 485 940 aufugit.
532 848 623 913 Hanc
645 868 806 912 sacrorum
827 869 936 912 curam
955 847 1035 913 adeo
1054 849 1203 938 religiose
1220 854 1279 918 ob·

214 974 376 1030 servarunt
395 961 548 1041 Romani,
571 972 607 1025 ut
626 981 726 1051 quum
746 959 777 1023 in
798 982 917 1024 annum
937 963 1001 1028 537
1022 961 1134 1026 consul
1151 963 1194 1030 Μ.
1215 963 1278 1032 Αθ-

212 1076 321 1141 rnilius
347 1073 491 1165 Regillus
521 1085 534 1122 ²
567 1097 584 1137 a
613 1071 828 1162 praerogativa
853 1083 921 1136 erat
946 1072 1066 1152 dictus,
1097 1076 1153 1163 qui
1176 1099 1277 1166 quum

216 1189 330 1254 flamen
363 1185 533 1271 Quirinalis
563 1208 627 1250 non
658 1196 764 1275 posset
803 1184 918 1263 creari,
956 1184 1073 1251 Fabius
1104 1186 1278 1257 Cunctator

215 1302 309 1366 rerba
338 1300 414 1366 fecit
444 1301 475 1364 in
503 1297 640 1363 comitiis
664 1310 695 1363 et
716 1297 833 1363 iterum
853 1295 1005 1387 suffragia
1023 1297 1099 1363 ferri
1116 1300 1221 1380 iussit,
1245 1315 1277 1366 et

214 1418 257 1479 sic
275 1413 356 1479 alius
377 1423 500 1479 creatus
521 1422 578 1476 est.

258 1528 303 1592 Ex
321 1526 446 1591 Taciti³
469 1524 541 1589 loco
557 1522 707 1588 coniicias
725 1533 828 1587 aetate
844 1523 1045 1613 imperatoria
1072 1525 1160 1591 aliud
1181 1527 1275 1594 fuisse

211 1644 258 1706 ius
285 1640 408 1705 flamini
435 1637 520 1705 Diali
529 1685 539 1716 ‚
564 1659 658 1726 quarn
691 1635 847 1719 Quirinali
876 1648 908 1701 et
933 1636 1090 1715 Martiali,
1119 1637 1167 1703 his
1190 1643 1276 1707 enim

210 1753 334 1819 ltaliam
362 1752 543 1842 relinquere
570 1748 696 1815 licitum
727 1771 808 1828 esse,
841 1772 960 1840 eosque
987 1751 1164 1840 provincias
1189 1753 1275 1820 obti-

209 1866 325 1944 nuisse,
346 1865 418 1931 illos
435 1887 516 1944 non,
539 1875 574 1928 ut
595 1861 722 1930 Seruius
733 1861 960 1952 Maluginensis
971 1863 1004 1929 in
1021 1864 1124 1931 Asiam
1145 1868 1274 1957 prosec-

210 1991 298 2045 turus
319 1977 526 2069 querebatur,
546 1975 615 2041 iure
639 2000 679 2041 an
699 1975 827 2054 iniuria,
852 1976 1043 2066 ignoramus.

562 2160 580 2243 §
606 2161 636 2224 3.
683 2156 783 2221 Mors
809 2159 872 2221 587
895 2165 919 2220 ⁴.

253 2317 379 2394 Restat,
401 2328 437 2380 ut
455 2314 554 2380 nostri
575 2325 708 2379 mortem
728 2314 891 2402 attingam.
941 2313 1048 2379 Liuius
1072 2315 1167 2381 tradit
1188 2341 1271 2385 anno

207 2433 270 2497 587
291 2442 455 2495 mortuum
484 2450 551 2494 esse
581 2425 616 2509 Q.
641 2427 775 2492 Fabium
796 2426 953 2491 Pictorem
974 2428 1137 2494 flaminem
1165 2429 1271 2514 Quiri-

205 2543 329 2621 nalem3
348 2543 485 2607 eundem
497 2553 656 2618 nostrum,
670 2541 792 2630 opinor.
827 2538 909 2605 Satis
922 2562 1068 2630 perverse
1084 2540 1145 2607 hoc
1167 2555 1271 2610 trare-

205 2667 281 2720 runt
311 2655 369 2719 riri
398 2655 485 2720 docti
512 2668 525 2703 ⁵
553 2654 592 2718 ad
620 2653 823 2732 historicum,
856 2653 912 2743 qui
937 2656 1169 2743 nonagenarius
1194 2668 1270 2722 tuno

205 2769 333 2848 fuisset,
358 2769 451 2833 unica
472 2791 544 2833 vera
562 2779 608 2833 est
633 2767 711 2834 haec
731 2767 830 2846 ratio,
848 2791 921 2832 nam
942 2767 986 2833 sio
1001 2780 1072 2857 post
1088 2781 1268 2859 praeturam

204 2885 246 2945 22
272 2905 370 2947 annos
395 2882 471 2946 uixit
497 2882 613 2946 flamen
631 2893 753 2958 noster,
777 2879 863 2971 quod
886 2902 944 2945 cur
961 2903 1025 2947 non
1046 2883 1267 2974 accipiendum

203 3007 297 3074 esset,
322 2995 440 3061 nescio.

623 3122 836 3131 ———-—·-

597 3231 775 3307 CAPUT
806 3231 868 3304 VI.

330 3397 464 3444 scaurus
487 3396 605 3443 riorus
631 3375 688 3464 (o.)
713 3394 742 3441 r.
768 3374 827 3463 (o.)
853 3395 883 3441 n.
908 3393 1027 3442 Pteron
1053 3379 1136 3466 (46).

562 3531 580 3614 §
608 3532 635 3594 l.
689 3527 899 3617 Genealogz’a.

246 3680 348 3745 Multa
376 3681 408 3744 in
437 3680 598 3745 Pictorum
625 3679 757 3745 historia
786 3679 886 3744 inesse
915 3678 1103 3760 incertiora,
1134 3679 1174 3747 de
1203 3681 1263 3748 hoc

199 3794 383 3884 praesertim
404 3794 502 3871 valet,
527 3793 616 3858 cuius
638 3803 722 3858 aetas
738 3804 769 3857 et
787 3814 905 3857 nomen
924 3804 956 3856 et
971 3791 1087 3881 scripta
1106 3795 1263 3860 nonsatis

198 3910 417 3973 innotuerunt.
447 3905 500 3971 Sic
510 3927 704 3996 praenomen
718 3904 812 3968 unico
823 3915 948 3969 tantum
960 3902 1122 3970 Ciceronis
1133 3906 1204 3972 loco
1217 3908 1263 3972 le-

197 4020 296 4109 gitur,
320 4039 380 4082 nec
399 4017 637 4106 incorruptum
657 4014 784 4080 Seruius
803 4014 898 4081 fuisse
914 4016 1055 4096 videtur,
1072 4016 1132 4083 hoc
1150 4020 1259 4086 saltem

196 4132 302 4198 subest
327 4130 460 4197 lectioni
492 4130 610 4195 codicis
641 4129 778 4194 Palatini
808 4127 967 4209 »Serris''‚
998 4130 1084 4221 quod
1116 4132 1261 4198 Cuiacius

225 4399 244 4466 ¹)
261 4403 316 4454 Liv.
328 4405 361 4455 V.
372 4408 413 4453 52.
468 4400 488 4469 2)
505 4404 562 4454 Liv.
573 4403 676 4456 XXIV.
688 4408 711 4454 8.
766 4401 786 4472 ⁵)
803 4400 978 4455 Aon.111.5s.
1023 4401 1044 4471 4)
1061 4405 1118 4458 Liv.
1128 4404 1213 4459 XLV.
1224 4411 1265 4457 44.

184 4485 208 4554 ⁵)
227 4485 264 4536 cf.
282 4487 343 4555 Cap.
361 4503 388 4540 lv
405 4489 419 4555 ᾗ
437 4493 452 4538 4
470 4489 545 4539 huius
560 4490 645 4554 Libri,
663 4506 687 4556 p.
708 4494 765 4542 155.
