3212 5294
345 440 406 502 228
467 460 498 501 u.
514 460 616 503 riorus
630 460 659 504 rr.
674 460 701 503 r.
717 460 747 503 rr.
763 460 791 503 n.
806 458 900 502 aureo
917 439 992 523 (38).
1010 439 1033 522 l'
1042 441 1069 502 2.
1088 456 1219 502 anieron
1236 442 1305 502 553.

357 633 499 715 advexit,
520 659 602 701 anno
624 641 688 702 559
713 636 831 702 aediles
854 649 864 687 ¹
891 635 1013 728 populo
1032 635 1224 728 descripsere
1245 633 1421 702 Siciliensis

358 747 455 813 tritici
477 750 581 817 decies
600 762 730 815 centum
749 750 851 815 millia
871 749 954 815 binis
975 750 1063 814 aeris.

685 935 703 1019 §
728 936 758 998 2.
804 932 954 998 Praetor
978 936 1043 998 553
1068 942 1091 997 ².

405 1089 490 1174 Quos
507 1087 604 1154 modo
626 1087 762 1153 vidimus
783 1086 922 1178 collegas
944 1087 976 1151 in
999 1084 1179 1167 aedilitate,
1197 1085 1420 1153 eodemmodo

355 1211 528 1266 occurrunt
556 1209 716 1289 praetores
745 1198 840 1263 tertio
869 1220 954 1262 anuo
982 1209 1063 1286 post.
1123 1197 1292 1265 Versamur
1321 1199 1353 1264 in
1379 1222 1419 1264 eo

357 1326 519 1402 tempore,
552 1335 617 1401 quo
647 1308 957 1401 Carthaginiensium
981 1323 1012 1376 et
1032 1308 1174 1401 Philippi
1191 1311 1288 1401 legati
1306 1333 1419 1402 paoem

353 1426 517 1517 petebant.
552 1424 651 1491 Noris
674 1423 907 1514 magistratibus
925 1423 957 1488 io
977 1446 1051 1489 eum
1072 1423 1205 1489 modom
1225 1425 1333 1515 copiae
1353 1424 1419 1490 dis·

357 1540 495 1606 tributae
518 1551 608 1618 sunt,
633 1550 668 1603 ut
697 1538 739 1604 M.
761 1537 879 1602 Fabius
911 1537 945 1601 in
974 1535 1119 1602 Sardinia
1151 1540 1192 1602 10
1220 1561 1315 1603 nares
1343 1550 1375 1603 et
1401 1543 1414 1602 l

353 1651 512 1742 legionem
545 1650 703 1739 acciperet
738 1671 756 1712 a
790 1649 822 1714 P.
854 1646 1009 1727 Lentulo,
1044 1648 1100 1737 qui
1134 1649 1314 1739 praefuerat
1343 1648 1421 1714 huie

353 1764 555 1854 provinciae,
574 1761 708 1827 sednon
726 1760 865 1826 multum
887 1772 1039 1849 gesserat,
1057 1784 1131 1826 nana
1148 1761 1206 1827 illo
1226 1761 1298 1828 loco
1316 1762 1419 1827 stabat

352 1877 476 1955 elassis,
510 1888 546 1941 ut
573 1887 700 1941 careret
722 1896 763 1939 ne
786 1874 884 1939 Poeni
909 1874 942 1938 iu
962 1873 1088 1939 ltaliam
1110 1876 1296 1954 transirent,
1321 1898 1418 1965 quarn
1480 1866 1482 1875 ’

354 2002 496 2055 tueretur
511 1989 553 2054 M.
573 1987 710 2052 Marcius
731 1999 870 2077 praetor.
904 1986 1010 2070 Quum
1031 1998 1138 2051 autem
1159 1986 1221 2053 hoc
1242 2011 1327 2054 auno
1345 2011 1421 2053 eum

353 2102 469 2168 Poenis
499 2101 613 2165 bellari
642 2099 779 2166 desitum
810 2111 906 2180 esset,
935 2123 1000 2165 non
1020 2100 1159 2165 multum
1185 2123 1292 2190 gerere
1312 2102 1419 2191 potuit

354 2215 473 2294 Buteo;
506 2215 654 2279 successit
683 2222 695 2260 ³
725 2237 809 2278 anno
837 2224 909 2304 post
940 2213 971 2278 in
1002 2213 1069 2278 eius
1088 2212 1192 2278 locum
1214 2214 1257 2282 M.
1277 2214 1419 2282 Valerios

353 2328 466 2405 Falto,
497 2329 553 2417 qui
580 2349 652 2392 curn
677 2326 801 2392 duabus
823 2327 1004 2416 legionibus
1025 2326 1148 2392 traiecit
1167 2327 1200 2392 in
1220 2326 1422 2403 Sardiniam;

352 2440 471 2505 llabius
501 2440 633 2505 Romam
658 2439 752 2505 rediit
777 2461 852 2505 curn
872 2440 911 2523 iis
929 2439 1103 2518 militibus,
1127 2441 1183 2529 qui
1205 2440 1344 2530 plurima
1364 2442 1420 2506 sti-

355 2553 471 2644 pendia
497 2562 687 2618 meruerant.

751 2860 932 2933 carun
961 2860 1024 2935 vr.
1108 2832 1113 2845 ’

487 3036 627 3098 ourrrrus
649 3037 766 3085 riorus
793 3023 849 3106 (rr.)
875 3038 903 3085 a.
930 3021 996 3108 (u.)
1021 3038 1050 3084 rr.
1075 3037 1182 3086 corno
1209 3020 1291 3111 (39).

575 3189 593 3270 §
621 3187 650 3251 l.
698 3185 849 3276 legatus
873 3187 1062 3251 Flaminini
1084 3189 1148 3252 556
1175 3194 1197 3252 ⁴.

403 3352 514 3416 Frater
524 3350 620 3416 luisse
632 3349 756 3415 ridetur
767 3350 865 3415 Marci
877 3350 1183 3440 praecedentisl38)
1195 3403 1203 3430 ,
1223 3375 1295 3420 nam
1308 3367 1422 3445 quarto

358 3485 443 3528 anno
461 3472 531 3553 post
551 3484 623 3526 eurn
645 3473 793 3551 praetura
812 3463 942 3528 functus
961 3475 1024 3542 est,
1045 3476 1080 3528 ut
1092 3463 1146 3528 alii
1165 3487 1419 3558 quoqueposae-

354 3588 447 3655 runt,
477 3576 533 3666 qui
559 3598 634 3640 vero
655 3576 687 3640 in
711 3599 748 3640 eo
769 3576 941 3656 falluntur,
965 3577 1052 3667 quod
1074 3579 1238 3643 consulem
1259 3582 1334 3645 anni
1356 3586 1418 3648 509

354 3688 496 3753 Marcum
529 3687 598 3777 (31)
629 3700 751 3778 patrem
782 3689 822 3783 ti·
841 3690 1004 3768 tribuant,
1037 3691 1113 3756 anai
1143 3690 1259 3757 docent
1286 3693 1416 3760 alteram

355 3801 593 3892 generationem
624 3802 832 3868 intercedere.

399 3912 510 3978 Paucis
529 3913 690 3979 mensibus
710 3927 782 4005 post
804 3916 925 3980 bellum
949 3916 1106 3982 Punicum
1125 3919 1156 3983 Il
1176 3931 1333 3984 exarserat
1350 3920 1415 3985 bel·

353 4027 421 4091 lurn
450 4026 684 4116 Plrilippicum,
713 4028 798 4117 quod
824 4052 881 4119 per
902 4028 981 4095 duos
1001 4054 1100 4096 annos
1122 4032 1274 4121 ignaviter
1293 4046 1415 4124 gestum

352 4151 414 4217 est,
430 4138 533 4205 donec
552 4164 635 4205 anno
648 4144 712 4207 556
732 4143 870 4232 suscepit
890 4143 970 4208 illud
984 4155 1080 4234 atque
1092 4145 1230 4210 coniecit
1251 4146 1284 4212 T.
1298 4146 1415 4230 Quinc-

379 4409 399 4476 ¹)
417 4411 475 4459 Lir.
500 4410 632 4461 XXXIII.
657 4419 698 4462 tu.
752 4409 772 4478 ²)
789 4415 847 4466 Lir.
871 4414 962 4465 XXX.
987 4421 1034 4478 tc,
1058 4420 1100 4467 41.
1152 4413 1173 4483 ⁶)
1191 4418 1248 4469 Lir.
1273 4417 1376 4470 XXXI.
1396 4421 1418 4465 8.

342 4495 362 4565 ⁴)
380 4495 472 4560 Polyb.
492 4495 582 4548 xvrr.
605 4501 635 4547 ro
653 4511 705 4562 ψ
723 4497 780 4548 mv.
799 4499 919 4550 xxxn.
936 4505 982 4550 aa.
