<?xml version="1.0" encoding="UTF-8"?>
<!DOCTYPE html PUBLIC "-//W3C//DTD XHTML 1.0 Transitional//EN"
    "http://www.w3.org/TR/xhtml1/DTD/xhtml1-transitional.dtd">
<html xmlns="http://www.w3.org/1999/xhtml" xml:lang="en" lang="en">
 <head>
  <title>
</title>
<meta http-equiv="Content-Type" content="text/html;charset=utf-8" />
  <meta name='ocr-system' content='tesseract 3.04.00' />
  <meta name='ocr-capabilities' content='ocr_page ocr_carea ocr_par ocr_line ocrx_word'/>
</head>
<body>
  <div class='ocr_page' id='page_1' title='image "./disputatiodegen00servgoog_0290.png"; bbox 0 0 3212 5294; ppageno 0'>
   <div class='ocr_carea' id='block_1_1' title="bbox 548 473 1270 555">
    <p class='ocr_par' dir='ltr' id='par_1_1' title="bbox 548 473 1270 555">
     <span class='ocr_line' id='line_1_1' title="bbox 548 473 1270 555; baseline 0.015 -22"><span class='ocrx_word' id='word_1_1' title='bbox 548 473 570 555; x_wconf 62' lang='lat'><strong>5</strong></span> <span class='ocrx_word' id='word_1_2' title='bbox 595 474 640 535; x_wconf 83' lang='grc'><strong>16.</strong></span> <span class='ocrx_word' id='word_1_3' title='bbox 661 493 770 537; x_wconf 79' lang='lat' dir='ltr'><strong>corsua</strong></span> <span class='ocrx_word' id='word_1_4' title='bbox 790 476 826 537; x_wconf 82' lang='lat' dir='ltr'><strong>V.</strong></span> <span class='ocrx_word' id='word_1_5' title='bbox 848 476 917 538; x_wconf 82' lang='grc'><strong>459.</strong></span> <span class='ocrx_word' id='word_1_6' title='bbox 1209 483 1270 544; x_wconf 84' lang='grc'><strong>275</strong></span> 
     </span>
    </p>
   </div>
   <div class='ocr_carea' id='block_1_2' title="bbox 184 669 1264 4497">
    <p class='ocr_par' dir='ltr' id='par_1_2' title="bbox 197 669 1263 987">
     <span class='ocr_line' id='line_1_2' title="bbox 200 669 1263 766; baseline 0.008 -33"><span class='ocrx_word' id='word_1_7' title='bbox 200 679 264 748; x_wconf 86' lang='lat' dir='ltr'><strong>set;</strong></span> <span class='ocrx_word' id='word_1_8' title='bbox 297 689 383 734; x_wconf 88' lang='lat' dir='ltr'><strong>nunc</strong></span> <span class='ocrx_word' id='word_1_9' title='bbox 414 688 543 758; x_wconf 90' lang='lat' dir='ltr'><strong>quoque</strong></span> <span class='ocrx_word' id='word_1_10' title='bbox 571 669 659 735; x_wconf 88' lang='lat' dir='ltr'><strong>irrita</strong></span> <span class='ocrx_word' id='word_1_11' title='bbox 688 671 821 739; x_wconf 87' lang='lat' dir='ltr'><strong>fuissent</strong></span> <span class='ocrx_word' id='word_1_12' title='bbox 844 671 911 740; x_wconf 91' lang='lat' dir='ltr'><strong>eius</strong></span> <span class='ocrx_word' id='word_1_13' title='bbox 933 673 1047 754; x_wconf 86' lang='lat' dir='ltr'><strong>rerba,</strong></span> <span class='ocrx_word' id='word_1_14' title='bbox 1071 698 1144 741; x_wconf 87' lang='lat' dir='ltr'><strong>narn</strong></span> <span class='ocrx_word' id='word_1_15' title='bbox 1165 698 1263 766; x_wconf 87' lang='lat' dir='ltr'><strong>penes</strong></span> 
     </span>
     <span class='ocr_line' id='line_1_3' title="bbox 197 781 1262 877; baseline 0.008 -30"><span class='ocrx_word' id='word_1_16' title='bbox 197 781 356 873; x_wconf 90' lang='lat' dir='ltr'><strong>populum</strong></span> <span class='ocrx_word' id='word_1_17' title='bbox 383 794 450 848; x_wconf 90' lang='lat' dir='ltr'><strong>erat</strong></span> <span class='ocrx_word' id='word_1_18' title='bbox 479 781 575 849; x_wconf 85' lang='lat' dir='ltr'><strong>etiam</strong></span> <span class='ocrx_word' id='word_1_19' title='bbox 603 795 681 850; x_wconf 91' lang='lat' dir='ltr'><strong>tunc</strong></span> <span class='ocrx_word' id='word_1_20' title='bbox 702 785 837 851; x_wconf 89' lang='lat' dir='ltr'><strong>Fabium</strong></span> <span class='ocrx_word' id='word_1_21' title='bbox 860 786 983 877; x_wconf 74' lang='lat' dir='ltr'><strong>legibus</strong></span> <span class='ocrx_word' id='word_1_22' title='bbox 1003 788 1139 869; x_wconf 79' lang='lat' dir='ltr'><strong>solvere,</strong></span> <span class='ocrx_word' id='word_1_23' title='bbox 1164 790 1190 855; x_wconf 94' lang='lat' dir='ltr'><strong>si</strong></span> <span class='ocrx_word' id='word_1_24' title='bbox 1211 789 1262 856; x_wconf 86' lang='lat' dir='ltr'><strong>vel</strong></span> 
     </span>
     <span class='ocr_line' id='line_1_4' title="bbox 198 895 1017 987; baseline 0.006 -27"><span class='ocrx_word' id='word_1_25' title='bbox 198 918 278 987; x_wconf 91' lang='lat' dir='ltr'><strong>opus</strong></span> <span class='ocrx_word' id='word_1_26' title='bbox 297 908 395 974; x_wconf 86' lang='lat' dir='ltr'><strong>esset,</strong></span> <span class='ocrx_word' id='word_1_27' title='bbox 421 896 559 986; x_wconf 91' lang='lat' dir='ltr'><strong>denique</strong></span> <span class='ocrx_word' id='word_1_28' title='bbox 584 895 741 963; x_wconf 79' lang='lat' dir='ltr'><strong>historicis</strong></span> <span class='ocrx_word' id='word_1_29' title='bbox 762 899 820 964; x_wconf 90' lang='lat' dir='ltr'><strong>ista</strong></span> <span class='ocrx_word' id='word_1_30' title='bbox 838 899 1017 966; x_wconf 82' lang='lat' dir='ltr'><strong>reddamus.</strong></span> 
     </span>
    </p>

    <p class='ocr_par' dir='ltr' id='par_1_3' title="bbox 192 1009 1264 2799">
     <span class='ocr_line' id='line_1_5' title="bbox 243 1009 1262 1104; baseline 0.003 -28"><span class='ocrx_word' id='word_1_31' title='bbox 243 1009 397 1077; x_wconf 86' lang='lat' dir='ltr'><strong>Omnium</strong></span> <span class='ocrx_word' id='word_1_32' title='bbox 417 1033 572 1076; x_wconf 89' lang='lat' dir='ltr'><strong>consensu</strong></span> <span class='ocrx_word' id='word_1_33' title='bbox 592 1011 693 1077; x_wconf 80' lang='lat' dir='ltr'><strong>rictus</strong></span> <span class='ocrx_word' id='word_1_34' title='bbox 710 1010 865 1078; x_wconf 86' lang='lat' dir='ltr'><strong>honorem</strong></span> <span class='ocrx_word' id='word_1_35' title='bbox 881 1035 913 1078; x_wconf 87' lang='lat' dir='ltr'><strong>se</strong></span> <span class='ocrx_word' id='word_1_36' title='bbox 927 1025 1145 1104; x_wconf 89' lang='lat' dir='ltr'><strong>suscepturum</strong></span> <span class='ocrx_word' id='word_1_37' title='bbox 1167 1014 1262 1094; x_wconf 81' lang='lat' dir='ltr'><strong>dixit,</strong></span> 
     </span>
     <span class='ocr_line' id='line_1_6' title="bbox 197 1122 1262 1215; baseline 0.004 -26"><span class='ocrx_word' id='word_1_38' title='bbox 197 1123 373 1190; x_wconf 89' lang='lat' dir='ltr'><strong>dummodo</strong></span> <span class='ocrx_word' id='word_1_39' title='bbox 397 1123 529 1190; x_wconf 79' lang='lat' dir='ltr'><strong>Decium</strong></span> <span class='ocrx_word' id='word_1_40' title='bbox 550 1122 682 1190; x_wconf 89' lang='lat' dir='ltr'><strong>baberet</strong></span> <span class='ocrx_word' id='word_1_41' title='bbox 702 1125 873 1215; x_wconf 80' lang='lat' dir='ltr'><strong>collegam,</strong></span> <span class='ocrx_word' id='word_1_42' title='bbox 897 1125 987 1192; x_wconf 90' lang='lat' dir='ltr'><strong>cuius</strong></span> <span class='ocrx_word' id='word_1_43' title='bbox 1006 1149 1110 1193; x_wconf 87' lang='lat' dir='ltr'><strong>mores</strong></span> <span class='ocrx_word' id='word_1_44' title='bbox 1130 1127 1164 1191; x_wconf 94' lang='lat' dir='ltr'><strong>in</strong></span> <span class='ocrx_word' id='word_1_45' title='bbox 1185 1148 1262 1193; x_wconf 88' lang='lat' dir='ltr'><strong>cen·</strong></span> 
     </span>
     <span class='ocr_line' id='line_1_7' title="bbox 197 1237 1262 1330; baseline 0.001 -25"><span class='ocrx_word' id='word_1_46' title='bbox 197 1261 268 1305; x_wconf 85' lang='lat' dir='ltr'><strong>sura</strong></span> <span class='ocrx_word' id='word_1_47' title='bbox 288 1250 321 1303; x_wconf 91' lang='lat' dir='ltr'><strong>et</strong></span> <span class='ocrx_word' id='word_1_48' title='bbox 340 1237 508 1304; x_wconf 81' lang='lat' dir='ltr'><strong>consulatu</strong></span> <span class='ocrx_word' id='word_1_49' title='bbox 526 1237 729 1330; x_wconf 85' lang='lat' dir='ltr'><strong>praecedenti</strong></span> <span class='ocrx_word' id='word_1_50' title='bbox 745 1251 891 1329; x_wconf 84' lang='lat' dir='ltr'><strong>expertus</strong></span> <span class='ocrx_word' id='word_1_51' title='bbox 908 1251 993 1318; x_wconf 91' lang='lat' dir='ltr'><strong>erat,</strong></span> <span class='ocrx_word' id='word_1_52' title='bbox 1016 1240 1062 1304; x_wconf 93' lang='lat' dir='ltr'><strong>nil</strong></span> <span class='ocrx_word' id='word_1_53' title='bbox 1080 1240 1164 1306; x_wconf 89' lang='lat' dir='ltr'><strong>enim</strong></span> <span class='ocrx_word' id='word_1_54' title='bbox 1182 1262 1262 1306; x_wconf 90' lang='lat' dir='ltr'><strong>con·</strong></span> 
     </span>
     <span class='ocr_line' id='line_1_8' title="bbox 196 1351 1262 1441; baseline 0.001 -24"><span class='ocrx_word' id='word_1_55' title='bbox 196 1351 286 1418; x_wconf 91' lang='lat' dir='ltr'><strong>cordi</strong></span> <span class='ocrx_word' id='word_1_56' title='bbox 306 1351 441 1440; x_wconf 78' lang='lat' dir='ltr'><strong>collegio</strong></span> <span class='ocrx_word' id='word_1_57' title='bbox 461 1351 583 1416; x_wconf 87' lang='lat' dir='ltr'><strong>firmius</strong></span> <span class='ocrx_word' id='word_1_58' title='bbox 604 1374 671 1417; x_wconf 86' lang='lat' dir='ltr'><strong>esse</strong></span> <span class='ocrx_word' id='word_1_59' title='bbox 689 1351 728 1416; x_wconf 88' lang='lat' dir='ltr'><strong>ad</strong></span> <span class='ocrx_word' id='word_1_60' title='bbox 749 1351 980 1441; x_wconf 86' lang='lat' dir='ltr'><strong>rempublicam</strong></span> <span class='ocrx_word' id='word_1_61' title='bbox 1000 1352 1163 1419; x_wconf 85' lang='lat' dir='ltr'><strong>tuendam.</strong></span> <span class='ocrx_word' id='word_1_62' title='bbox 1193 1352 1262 1420; x_wconf 87' lang='lat' dir='ltr'><strong>Nec</strong></span> 
     </span>
     <span class='ocr_line' id='line_1_9' title="bbox 195 1464 1264 1545; baseline 0.001 -15"><span class='ocrx_word' id='word_1_63' title='bbox 195 1464 287 1531; x_wconf 89' lang='lat' dir='ltr'><strong>aliter</strong></span> <span class='ocrx_word' id='word_1_64' title='bbox 314 1464 447 1545; x_wconf 89' lang='lat' dir='ltr'><strong>accidit,</strong></span> <span class='ocrx_word' id='word_1_65' title='bbox 481 1464 600 1530; x_wconf 83' lang='lat' dir='ltr'><strong>Fabius</strong></span> <span class='ocrx_word' id='word_1_66' title='bbox 628 1487 701 1531; x_wconf 88' lang='lat' dir='ltr'><strong>curn</strong></span> <span class='ocrx_word' id='word_1_67' title='bbox 729 1465 829 1531; x_wconf 84' lang='lat' dir='ltr'><strong>Decio</strong></span> <span class='ocrx_word' id='word_1_68' title='bbox 859 1478 981 1531; x_wconf 88' lang='lat' dir='ltr'><strong>creatus</strong></span> <span class='ocrx_word' id='word_1_69' title='bbox 1010 1478 1067 1531; x_wconf 89' lang='lat' dir='ltr'><strong>est.</strong></span> <span class='ocrx_word' id='word_1_70' title='bbox 1114 1464 1177 1531; x_wconf 90' lang='lat' dir='ltr'><strong>Sed</strong></span> <span class='ocrx_word' id='word_1_71' title='bbox 1198 1489 1264 1532; x_wconf 91' lang='lat' dir='ltr'><strong>uon</strong></span> 
     </span>
     <span class='ocr_line' id='line_1_10' title="bbox 196 1578 1262 1670; baseline 0 -26"><span class='ocrx_word' id='word_1_72' title='bbox 196 1590 282 1645; x_wconf 89' lang='lat' dir='ltr'><strong>recte</strong></span> <span class='ocrx_word' id='word_1_73' title='bbox 309 1578 485 1669; x_wconf 89' lang='lat' dir='ltr'><strong>perspicio,</strong></span> <span class='ocrx_word' id='word_1_74' title='bbox 518 1578 700 1668; x_wconf 89' lang='lat' dir='ltr'><strong>quomodo</strong></span> <span class='ocrx_word' id='word_1_75' title='bbox 730 1579 838 1645; x_wconf 79' lang='lat' dir='ltr'><strong>Livius</strong></span> <span class='ocrx_word' id='word_1_76' title='bbox 867 1590 959 1649; x_wconf 79' lang='lat' dir='ltr'><strong>tutus</strong></span> <span class='ocrx_word' id='word_1_77' title='bbox 980 1602 1047 1645; x_wconf 89' lang='lat' dir='ltr'><strong>esse</strong></span> <span class='ocrx_word' id='word_1_78' title='bbox 1068 1578 1208 1670; x_wconf 90' lang='lat' dir='ltr'><strong>potuerit</strong></span> <span class='ocrx_word' id='word_1_79' title='bbox 1228 1579 1262 1644; x_wconf 92' lang='lat' dir='ltr'><strong>in</strong></span> 
     </span>
     <span class='ocr_line' id='line_1_11' title="bbox 194 1690 1261 1782; baseline -0.001 -25"><span class='ocrx_word' id='word_1_80' title='bbox 194 1691 285 1757; x_wconf 86' lang='lat' dir='ltr'><strong>fideli</strong></span> <span class='ocrx_word' id='word_1_81' title='bbox 313 1691 483 1757; x_wconf 88' lang='lat' dir='ltr'><strong>concordia</strong></span> <span class='ocrx_word' id='word_1_82' title='bbox 516 1690 632 1757; x_wconf 91' lang='lat' dir='ltr'><strong>horum</strong></span> <span class='ocrx_word' id='word_1_83' title='bbox 659 1692 826 1758; x_wconf 88' lang='lat' dir='ltr'><strong>consulum</strong></span> <span class='ocrx_word' id='word_1_84' title='bbox 852 1715 910 1782; x_wconf 90' lang='lat' dir='ltr'><strong>per</strong></span> <span class='ocrx_word' id='word_1_85' title='bbox 933 1703 1036 1757; x_wconf 91' lang='lat' dir='ltr'><strong>totum</strong></span> <span class='ocrx_word' id='word_1_86' title='bbox 1059 1705 1155 1781; x_wconf 90' lang='lat' dir='ltr'><strong>caput</strong></span> <span class='ocrx_word' id='word_1_87' title='bbox 1175 1691 1261 1757; x_wconf 88' lang='lat' dir='ltr'><strong>cele·</strong></span> 
     </span>
     <span class='ocr_line' id='line_1_12' title="bbox 196 1803 1263 1896; baseline 0.001 -26"><span class='ocrx_word' id='word_1_88' title='bbox 196 1804 332 1883; x_wconf 89' lang='lat' dir='ltr'><strong>branda,</strong></span> <span class='ocrx_word' id='word_1_89' title='bbox 347 1818 380 1870; x_wconf 89' lang='lat' dir='ltr'><strong>et</strong></span> <span class='ocrx_word' id='word_1_90' title='bbox 392 1828 465 1870; x_wconf 87' lang='lat' dir='ltr'><strong>mor</strong></span> <span class='ocrx_word' id='word_1_91' title='bbox 484 1803 685 1896; x_wconf 89' lang='lat' dir='ltr'><strong>descripserit</strong></span> <span class='ocrx_word' id='word_1_92' title='bbox 705 1828 842 1871; x_wconf 89' lang='lat' dir='ltr'><strong>summas</strong></span> <span class='ocrx_word' id='word_1_93' title='bbox 862 1805 959 1872; x_wconf 91' lang='lat' dir='ltr'><strong>fuisse</strong></span> <span class='ocrx_word' id='word_1_94' title='bbox 984 1806 1204 1872; x_wconf 87' lang='lat' dir='ltr'><strong>contentiones</strong></span> <span class='ocrx_word' id='word_1_95' title='bbox 1224 1804 1263 1871; x_wconf 88' lang='lat' dir='ltr'><strong>de</strong></span> 
     </span>
     <span class='ocr_line' id='line_1_13' title="bbox 193 1917 1262 2009; baseline 0.001 -26"><span class='ocrx_word' id='word_1_96' title='bbox 193 1918 381 2008; x_wconf 79' lang='lat' dir='ltr'><strong>prouinciis,</strong></span> <span class='ocrx_word' id='word_1_97' title='bbox 404 1918 437 1983; x_wconf 91' lang='lat' dir='ltr'><strong>in</strong></span> <span class='ocrx_word' id='word_1_98' title='bbox 458 1940 536 2008; x_wconf 89' lang='lat' dir='ltr'><strong>quas</strong></span> <span class='ocrx_word' id='word_1_99' title='bbox 557 1917 700 1998; x_wconf 83' lang='lat' dir='ltr'><strong>abireut3</strong></span> <span class='ocrx_word' id='word_1_100' title='bbox 724 1918 812 1984; x_wconf 89' lang='lat' dir='ltr'><strong>addit</strong></span> <span class='ocrx_word' id='word_1_101' title='bbox 830 1918 960 2009; x_wconf 91' lang='lat' dir='ltr'><strong>quidem</strong></span> <span class='ocrx_word' id='word_1_102' title='bbox 980 1931 1124 1985; x_wconf 89' lang='lat' dir='ltr'><strong>senatum</strong></span> <span class='ocrx_word' id='word_1_103' title='bbox 1142 1931 1175 1984; x_wconf 89' lang='lat' dir='ltr'><strong>et</strong></span> <span class='ocrx_word' id='word_1_104' title='bbox 1191 1918 1262 2009; x_wconf 92' lang='lat' dir='ltr'><strong>ple-</strong></span> 
     </span>
     <span class='ocr_line' id='line_1_14' title="bbox 194 2031 1264 2110; baseline 0.001 -13"><span class='ocrx_word' id='word_1_105' title='bbox 194 2031 283 2097; x_wconf 92' lang='lat' dir='ltr'><strong>beios</strong></span> <span class='ocrx_word' id='word_1_106' title='bbox 301 2055 353 2097; x_wconf 86' lang='lat' dir='ltr'><strong>eas</strong></span> <span class='ocrx_word' id='word_1_107' title='bbox 371 2031 527 2110; x_wconf 81' lang='lat' dir='ltr'><strong>effecisse,</strong></span> <span class='ocrx_word' id='word_1_108' title='bbox 551 2031 605 2097; x_wconf 88' lang='lat' dir='ltr'><strong>sed</strong></span> <span class='ocrx_word' id='word_1_109' title='bbox 626 2031 652 2097; x_wconf 91' lang='lat' dir='ltr'><strong>si</strong></span> <span class='ocrx_word' id='word_1_110' title='bbox 674 2031 753 2097; x_wconf 92' lang='lat' dir='ltr'><strong>adeo</strong></span> <span class='ocrx_word' id='word_1_111' title='bbox 773 2031 947 2097; x_wconf 88' lang='lat' dir='ltr'><strong>concordes</strong></span> <span class='ocrx_word' id='word_1_112' title='bbox 966 2032 1100 2110; x_wconf 89' lang='lat' dir='ltr'><strong>fuerint,</strong></span> <span class='ocrx_word' id='word_1_113' title='bbox 1117 2055 1174 2097; x_wconf 93' lang='lat' dir='ltr'><strong>suo</strong></span> <span class='ocrx_word' id='word_1_114' title='bbox 1194 2032 1264 2098; x_wconf 85' lang='lat' dir='ltr'><strong>iure</strong></span> 
     </span>
     <span class='ocr_line' id='line_1_15' title="bbox 194 2142 1263 2235; baseline 0.001 -26"><span class='ocrx_word' id='word_1_115' title='bbox 194 2143 242 2209; x_wconf 88' lang='lat' dir='ltr'><strong>uti</strong></span> <span class='ocrx_word' id='word_1_116' title='bbox 269 2145 447 2235; x_wconf 86' lang='lat' dir='ltr'><strong>potuissent</strong></span> <span class='ocrx_word' id='word_1_117' title='bbox 476 2157 508 2211; x_wconf 85' lang='lat' dir='ltr'><strong>et</strong></span> <span class='ocrx_word' id='word_1_118' title='bbox 536 2142 575 2208; x_wconf 89' lang='lat' dir='ltr'><strong>ad</strong></span> <span class='ocrx_word' id='word_1_119' title='bbox 606 2156 724 2210; x_wconf 87' lang='lat' dir='ltr'><strong>sortem</strong></span> <span class='ocrx_word' id='word_1_120' title='bbox 755 2166 932 2223; x_wconf 89' lang='lat' dir='ltr'><strong>recurrere,</strong></span> <span class='ocrx_word' id='word_1_121' title='bbox 956 2156 1012 2209; x_wconf 89' lang='lat' dir='ltr'><strong>aut</strong></span> <span class='ocrx_word' id='word_1_122' title='bbox 1036 2144 1061 2209; x_wconf 91' lang='lat' dir='ltr'><strong>si</strong></span> <span class='ocrx_word' id='word_1_123' title='bbox 1083 2158 1209 2209; x_wconf 87' lang='lat' dir='ltr'><strong>sanatus</strong></span> <span class='ocrx_word' id='word_1_124' title='bbox 1230 2155 1263 2210; x_wconf 88' lang='lat' dir='ltr'><strong>et</strong></span> 
     </span>
     <span class='ocr_line' id='line_1_16' title="bbox 193 2255 1261 2347; baseline -0.001 -25"><span class='ocrx_word' id='word_1_125' title='bbox 193 2256 333 2347; x_wconf 89' lang='lat' dir='ltr'><strong>populus</strong></span> <span class='ocrx_word' id='word_1_126' title='bbox 363 2268 448 2321; x_wconf 81' lang='lat' dir='ltr'><strong>entra</strong></span> <span class='ocrx_word' id='word_1_127' title='bbox 477 2255 623 2322; x_wconf 88' lang='lat' dir='ltr'><strong>ordinem</strong></span> <span class='ocrx_word' id='word_1_128' title='bbox 651 2256 751 2322; x_wconf 90' lang='lat' dir='ltr'><strong>Fabio</strong></span> <span class='ocrx_word' id='word_1_129' title='bbox 782 2256 971 2324; x_wconf 76' lang='lat' dir='ltr'><strong>decrevisset</strong></span> <span class='ocrx_word' id='word_1_130' title='bbox 997 2256 1120 2322; x_wconf 86' lang='lat' dir='ltr'><strong>bellurn</strong></span> <span class='ocrx_word' id='word_1_131' title='bbox 1147 2257 1261 2321; x_wconf 80' lang='lat' dir='ltr'><strong>Etrus·</strong></span> 
     </span>
     <span class='ocr_line' id='line_1_17' title="bbox 193 2369 1260 2459; baseline -0.001 -24"><span class='ocrx_word' id='word_1_132' title='bbox 193 2392 286 2448; x_wconf 91' lang='lat' dir='ltr'><strong>cum,</strong></span> <span class='ocrx_word' id='word_1_133' title='bbox 318 2370 434 2436; x_wconf 88' lang='lat' dir='ltr'><strong>Decius</strong></span> <span class='ocrx_word' id='word_1_134' title='bbox 462 2392 527 2434; x_wconf 93' lang='lat' dir='ltr'><strong>non</strong></span> <span class='ocrx_word' id='word_1_135' title='bbox 555 2369 719 2435; x_wconf 81' lang='lat' dir='ltr'><strong>invidisset</strong></span> <span class='ocrx_word' id='word_1_136' title='bbox 740 2370 898 2459; x_wconf 80' lang='lat' dir='ltr'><strong>collegae,</strong></span> <span class='ocrx_word' id='word_1_137' title='bbox 921 2382 958 2435; x_wconf 93' lang='lat' dir='ltr'><strong>ut</strong></span> <span class='ocrx_word' id='word_1_138' title='bbox 975 2392 1062 2435; x_wconf 92' lang='lat' dir='ltr'><strong>nunc</strong></span> <span class='ocrx_word' id='word_1_139' title='bbox 1081 2369 1260 2449; x_wconf 89' lang='lat' dir='ltr'><strong>inducitur,</strong></span> 
     </span>
     <span class='ocr_line' id='line_1_18' title="bbox 192 2481 1260 2573; baseline 0 -26"><span class='ocrx_word' id='word_1_140' title='bbox 192 2505 298 2573; x_wconf 90' lang='lat' dir='ltr'><strong>neque</strong></span> <span class='ocrx_word' id='word_1_141' title='bbox 322 2483 439 2549; x_wconf 80' lang='lat' dir='ltr'><strong>Fabius</strong></span> <span class='ocrx_word' id='word_1_142' title='bbox 460 2494 525 2548; x_wconf 89' lang='lat' dir='ltr'><strong>tam</strong></span> <span class='ocrx_word' id='word_1_143' title='bbox 545 2481 714 2549; x_wconf 75' lang='lat' dir='ltr'><strong>invidiosas</strong></span> <span class='ocrx_word' id='word_1_144' title='bbox 737 2484 882 2573; x_wconf 84' lang='lat' dir='ltr'><strong>querelas</strong></span> <span class='ocrx_word' id='word_1_145' title='bbox 900 2482 1056 2550; x_wconf 82' lang='lat' dir='ltr'><strong>iactasset.</strong></span> <span class='ocrx_word' id='word_1_146' title='bbox 1105 2483 1260 2572; x_wconf 77' lang='lat' dir='ltr'><strong>Apparet,</strong></span> 
     </span>
     <span class='ocr_line' id='line_1_19' title="bbox 192 2595 1259 2686; baseline 0 -26"><span class='ocrx_word' id='word_1_147' title='bbox 192 2596 225 2660; x_wconf 94' lang='lat' dir='ltr'><strong>ni</strong></span> <span class='ocrx_word' id='word_1_148' title='bbox 250 2595 361 2676; x_wconf 88' lang='lat' dir='ltr'><strong>fallor,</strong></span> <span class='ocrx_word' id='word_1_149' title='bbox 388 2596 515 2662; x_wconf 83' lang='lat' dir='ltr'><strong>Livium</strong></span> <span class='ocrx_word' id='word_1_150' title='bbox 536 2596 751 2686; x_wconf 88' lang='lat' dir='ltr'><strong>composuisse</strong></span> <span class='ocrx_word' id='word_1_151' title='bbox 771 2596 908 2662; x_wconf 80' lang='lat' dir='ltr'><strong>diversas</strong></span> <span class='ocrx_word' id='word_1_152' title='bbox 931 2595 1046 2674; x_wconf 88' lang='lat' dir='ltr'><strong>famas,</strong></span> <span class='ocrx_word' id='word_1_153' title='bbox 1070 2595 1156 2661; x_wconf 89' lang='lat' dir='ltr'><strong>unde</strong></span> <span class='ocrx_word' id='word_1_154' title='bbox 1178 2595 1259 2660; x_wconf 86' lang='lat' dir='ltr'><strong>mix·</strong></span> 
     </span>
     <span class='ocr_line' id='line_1_20' title="bbox 192 2707 1235 2799; baseline -0.002 -25"><span class='ocrx_word' id='word_1_155' title='bbox 192 2721 260 2774; x_wconf 86' lang='lat' dir='ltr'><strong>tum</strong></span> <span class='ocrx_word' id='word_1_156' title='bbox 281 2707 402 2799; x_wconf 89' lang='lat' dir='ltr'><strong>aliquid</strong></span> <span class='ocrx_word' id='word_1_157' title='bbox 424 2720 536 2773; x_wconf 89' lang='lat' dir='ltr'><strong>uatum</strong></span> <span class='ocrx_word' id='word_1_158' title='bbox 556 2720 619 2787; x_wconf 92' lang='lat' dir='ltr'><strong>est,</strong></span> <span class='ocrx_word' id='word_1_159' title='bbox 643 2709 729 2798; x_wconf 89' lang='lat' dir='ltr'><strong>quod</strong></span> <span class='ocrx_word' id='word_1_160' title='bbox 749 2732 815 2774; x_wconf 92' lang='lat' dir='ltr'><strong>non</strong></span> <span class='ocrx_word' id='word_1_161' title='bbox 833 2731 1001 2799; x_wconf 88' lang='lat' dir='ltr'><strong>possumus</strong></span> <span class='ocrx_word' id='word_1_162' title='bbox 1022 2731 1235 2799; x_wconf 89' lang='lat' dir='ltr'><strong>concoquere.</strong></span> 
     </span>
    </p>

    <p class='ocr_par' dir='ltr' id='par_1_4' title="bbox 186 2820 1260 4041">
     <span class='ocr_line' id='line_1_21' title="bbox 237 2820 1259 2911; baseline 0.003 -26"><span class='ocrx_word' id='word_1_163' title='bbox 237 2820 336 2886; x_wconf 73' lang='lat' dir='ltr'><strong>addit</strong></span> <span class='ocrx_word' id='word_1_164' title='bbox 347 2820 456 2886; x_wconf 86' lang='lat' dir='ltr'><strong>Livius</strong></span> <span class='ocrx_word' id='word_1_165' title='bbox 466 2821 492 2887; x_wconf 92' lang='lat' dir='ltr'><strong>F</strong></span> <span class='ocrx_word' id='word_1_166' title='bbox 494 2821 601 2886; x_wconf 92' lang='lat' dir='ltr'><strong>abium</strong></span> <span class='ocrx_word' id='word_1_167' title='bbox 614 2833 646 2886; x_wconf 92' lang='lat' dir='ltr'><strong>et</strong></span> <span class='ocrx_word' id='word_1_168' title='bbox 660 2820 795 2887; x_wconf 90' lang='lat' dir='ltr'><strong>Decium</strong></span> <span class='ocrx_word' id='word_1_169' title='bbox 807 2820 953 2887; x_wconf 91' lang='lat' dir='ltr'><strong>consules</strong></span> <span class='ocrx_word' id='word_1_170' title='bbox 966 2832 1103 2901; x_wconf 86' lang='lat' dir='ltr'><strong>creatos,</strong></span> <span class='ocrx_word' id='word_1_171' title='bbox 1118 2820 1259 2911; x_wconf 76' lang='lat' dir='ltr'><strong>Appium</strong></span> 
     </span>
     <span class='ocr_line' id='line_1_22' title="bbox 190 2934 1260 3026; baseline 0.001 -26"><span class='ocrx_word' id='word_1_172' title='bbox 190 2946 389 3026; x_wconf 88' lang='lat' dir='ltr'><strong>praetorem,</strong></span> <span class='ocrx_word' id='word_1_173' title='bbox 414 2957 523 3000; x_wconf 93' lang='lat' dir='ltr'><strong>omnes</strong></span> <span class='ocrx_word' id='word_1_174' title='bbox 544 2934 699 3001; x_wconf 86' lang='lat' dir='ltr'><strong>absentes.</strong></span> <span class='ocrx_word' id='word_1_175' title='bbox 740 2936 782 3001; x_wconf 77' lang='lat' dir='ltr'><strong>At</strong></span> <span class='ocrx_word' id='word_1_176' title='bbox 805 2957 911 3024; x_wconf 92' lang='lat' dir='ltr'><strong>neque</strong></span> <span class='ocrx_word' id='word_1_177' title='bbox 935 2934 1051 3000; x_wconf 87' lang='lat' dir='ltr'><strong>Fabius</strong></span> <span class='ocrx_word' id='word_1_178' title='bbox 1071 2958 1175 3025; x_wconf 92' lang='lat' dir='ltr'><strong>neque</strong></span> <span class='ocrx_word' id='word_1_179' title='bbox 1196 2935 1260 3001; x_wconf 88' lang='lat' dir='ltr'><strong>De-</strong></span> 
     </span>
     <span class='ocr_line' id='line_1_23' title="bbox 190 3047 1258 3139; baseline 0 -25"><span class='ocrx_word' id='word_1_180' title='bbox 190 3048 257 3114; x_wconf 90' lang='lat' dir='ltr'><strong>cius</strong></span> <span class='ocrx_word' id='word_1_181' title='bbox 278 3048 405 3124; x_wconf 90' lang='lat' dir='ltr'><strong>aberat,</strong></span> <span class='ocrx_word' id='word_1_182' title='bbox 428 3048 462 3111; x_wconf 95' lang='lat' dir='ltr'><strong>in</strong></span> <span class='ocrx_word' id='word_1_183' title='bbox 482 3069 534 3112; x_wconf 88' lang='lat' dir='ltr'><strong>ser</strong></span> <span class='ocrx_word' id='word_1_184' title='bbox 553 3070 677 3114; x_wconf 89' lang='lat' dir='ltr'><strong>menses</strong></span> <span class='ocrx_word' id='word_1_185' title='bbox 696 3058 821 3112; x_wconf 89' lang='lat' dir='ltr'><strong>tantum</strong></span> <span class='ocrx_word' id='word_1_186' title='bbox 840 3047 1024 3113; x_wconf 90' lang='lat' dir='ltr'><strong>consulatus</strong></span> <span class='ocrx_word' id='word_1_187' title='bbox 1045 3048 1081 3113; x_wconf 91' lang='lat' dir='ltr'><strong>iis</strong></span> <span class='ocrx_word' id='word_1_188' title='bbox 1098 3060 1165 3112; x_wconf 89' lang='lat' dir='ltr'><strong>erat</strong></span> <span class='ocrx_word' id='word_1_189' title='bbox 1181 3068 1258 3139; x_wconf 89' lang='lat' dir='ltr'><strong>pro-</strong></span> 
     </span>
     <span class='ocr_line' id='line_1_24' title="bbox 189 3161 1256 3250; baseline 0.001 -24"><span class='ocrx_word' id='word_1_190' title='bbox 189 3175 334 3250; x_wconf 80' lang='lat' dir='ltr'><strong>rogatus,</strong></span> <span class='ocrx_word' id='word_1_191' title='bbox 356 3162 422 3228; x_wconf 92' lang='lat' dir='ltr'><strong>imo</strong></span> <span class='ocrx_word' id='word_1_192' title='bbox 441 3162 638 3228; x_wconf 88' lang='lat' dir='ltr'><strong>inducuntur</strong></span> <span class='ocrx_word' id='word_1_193' title='bbox 665 3162 705 3227; x_wconf 87' lang='lat' dir='ltr'><strong>ab</strong></span> <span class='ocrx_word' id='word_1_194' title='bbox 735 3161 849 3227; x_wconf 89' lang='lat' dir='ltr'><strong>eodem</strong></span> <span class='ocrx_word' id='word_1_195' title='bbox 865 3162 957 3228; x_wconf 80' lang='lat' dir='ltr'><strong>Livio</strong></span> <span class='ocrx_word' id='word_1_196' title='bbox 975 3161 1070 3227; x_wconf 88' lang='lat' dir='ltr'><strong>rerba</strong></span> <span class='ocrx_word' id='word_1_197' title='bbox 1088 3162 1256 3241; x_wconf 85' lang='lat' dir='ltr'><strong>iacientes,</strong></span> 
     </span>
     <span class='ocr_line' id='line_1_25' title="bbox 187 3275 1257 3366; baseline 0 -27"><span class='ocrx_word' id='word_1_198' title='bbox 187 3297 288 3364; x_wconf 90' lang='lat' dir='ltr'><strong>quum</strong></span> <span class='ocrx_word' id='word_1_199' title='bbox 316 3276 532 3366; x_wconf 75' lang='lat' dir='ltr'><strong>praerogativa</strong></span> <span class='ocrx_word' id='word_1_200' title='bbox 557 3288 589 3340; x_wconf 89' lang='lat' dir='ltr'><strong>et</strong></span> <span class='ocrx_word' id='word_1_201' title='bbox 608 3275 711 3365; x_wconf 89' lang='lat' dir='ltr'><strong>primo</strong></span> <span class='ocrx_word' id='word_1_202' title='bbox 734 3288 863 3340; x_wconf 89' lang='lat' dir='ltr'><strong>vocatae</strong></span> <span class='ocrx_word' id='word_1_203' title='bbox 882 3275 1044 3339; x_wconf 87' lang='lat' dir='ltr'><strong>centuriae</strong></span> <span class='ocrx_word' id='word_1_204' title='bbox 1066 3296 1174 3340; x_wconf 89' lang='lat' dir='ltr'><strong>omnes</strong></span> <span class='ocrx_word' id='word_1_205' title='bbox 1194 3275 1257 3339; x_wconf 78' lang='lat' dir='ltr'><strong>ua-</strong></span> 
     </span>
     <span class='ocr_line' id='line_1_26' title="bbox 187 3384 1252 3475; baseline -0.002 -23"><span class='ocrx_word' id='word_1_206' title='bbox 187 3387 278 3453; x_wconf 88' lang='lat' dir='ltr'><strong>bium</strong></span> <span class='ocrx_word' id='word_1_207' title='bbox 309 3386 473 3452; x_wconf 89' lang='lat' dir='ltr'><strong>consulem</strong></span> <span class='ocrx_word' id='word_1_208' title='bbox 499 3384 665 3463; x_wconf 81' lang='lat' dir='ltr'><strong>dixissent,</strong></span> <span class='ocrx_word' id='word_1_209' title='bbox 689 3385 778 3475; x_wconf 89' lang='lat' dir='ltr'><strong>atqui</strong></span> <span class='ocrx_word' id='word_1_210' title='bbox 799 3386 833 3451; x_wconf 93' lang='lat' dir='ltr'><strong>in</strong></span> <span class='ocrx_word' id='word_1_211' title='bbox 853 3386 989 3452; x_wconf 87' lang='lat' dir='ltr'><strong>comitiis</strong></span> <span class='ocrx_word' id='word_1_212' title='bbox 1009 3385 1156 3462; x_wconf 90' lang='lat' dir='ltr'><strong>aderaut,</strong></span> <span class='ocrx_word' id='word_1_213' title='bbox 1182 3387 1252 3475; x_wconf 90' lang='lat' dir='ltr'><strong>opi·</strong></span> 
     </span>
     <span class='ocr_line' id='line_1_27' title="bbox 186 3496 1252 3590; baseline 0 -25"><span class='ocrx_word' id='word_1_214' title='bbox 186 3522 257 3567; x_wconf 90' lang='lat' dir='ltr'><strong>nor.</strong></span> <span class='ocrx_word' id='word_1_215' title='bbox 304 3496 456 3590; x_wconf 87' lang='lat' dir='ltr'><strong>Suspicor</strong></span> <span class='ocrx_word' id='word_1_216' title='bbox 482 3499 609 3564; x_wconf 82' lang='lat' dir='ltr'><strong>Livium</strong></span> <span class='ocrx_word' id='word_1_217' title='bbox 638 3498 691 3563; x_wconf 91' lang='lat' dir='ltr'><strong>bic</strong></span> <span class='ocrx_word' id='word_1_218' title='bbox 716 3522 845 3589; x_wconf 91' lang='lat' dir='ltr'><strong>quoque</strong></span> <span class='ocrx_word' id='word_1_219' title='bbox 865 3499 1002 3565; x_wconf 85' lang='lat' dir='ltr'><strong>inritum</strong></span> <span class='ocrx_word' id='word_1_220' title='bbox 1023 3521 1088 3564; x_wconf 89' lang='lat' dir='ltr'><strong>esse</strong></span> <span class='ocrx_word' id='word_1_221' title='bbox 1109 3499 1252 3589; x_wconf 92' lang='lat' dir='ltr'><strong>lapsum,</strong></span> 
     </span>
     <span class='ocr_line' id='line_1_28' title="bbox 187 3611 1254 3704; baseline -0.001 -26"><span class='ocrx_word' id='word_1_222' title='bbox 187 3635 289 3704; x_wconf 92' lang='lat' dir='ltr'><strong>quum</strong></span> <span class='ocrx_word' id='word_1_223' title='bbox 320 3613 533 3702; x_wconf 83' lang='lat' dir='ltr'><strong>antiquiorem</strong></span> <span class='ocrx_word' id='word_1_224' title='bbox 562 3623 725 3678; x_wconf 88' lang='lat' dir='ltr'><strong>auctorem</strong></span> <span class='ocrx_word' id='word_1_225' title='bbox 755 3611 964 3691; x_wconf 91' lang='lat' dir='ltr'><strong>describeret,</strong></span> <span class='ocrx_word' id='word_1_226' title='bbox 994 3612 1049 3702; x_wconf 92' lang='lat' dir='ltr'><strong>qui</strong></span> <span class='ocrx_word' id='word_1_227' title='bbox 1071 3635 1125 3678; x_wconf 91' lang='lat' dir='ltr'><strong>eos</strong></span> <span class='ocrx_word' id='word_1_228' title='bbox 1143 3626 1254 3677; x_wconf 88' lang='lat' dir='ltr'><strong>contra</strong></span> 
     </span>
     <span class='ocr_line' id='line_1_29' title="bbox 186 3724 1253 3816; baseline 0.001 -26"><span class='ocrx_word' id='word_1_229' title='bbox 186 3726 273 3814; x_wconf 78' lang='lat' dir='ltr'><strong>leges</strong></span> <span class='ocrx_word' id='word_1_230' title='bbox 294 3724 709 3805; x_wconf 62' lang='lat' dir='ltr'><strong>nortmannorumque,</strong></span> <span class='ocrx_word' id='word_1_231' title='bbox 733 3738 819 3791; x_wconf 90' lang='lat' dir='ltr'><strong>recte</strong></span> <span class='ocrx_word' id='word_1_232' title='bbox 838 3725 925 3816; x_wconf 92' lang='lat' dir='ltr'><strong>quod</strong></span> <span class='ocrx_word' id='word_1_233' title='bbox 945 3724 983 3790; x_wconf 90' lang='lat' dir='ltr'><strong>ad</strong></span> <span class='ocrx_word' id='word_1_234' title='bbox 1007 3749 1105 3790; x_wconf 89' lang='lat' dir='ltr'><strong>annos</strong></span> <span class='ocrx_word' id='word_1_235' title='bbox 1126 3726 1253 3805; x_wconf 88' lang='lat' dir='ltr'><strong>attinet,</strong></span> 
     </span>
     <span class='ocr_line' id='line_1_30' title="bbox 186 3838 1253 3930; baseline 0.002 -27"><span class='ocrx_word' id='word_1_236' title='bbox 186 3840 273 3906; x_wconf 88' lang='lat' dir='ltr'><strong>intra</strong></span> <span class='ocrx_word' id='word_1_237' title='bbox 302 3862 382 3930; x_wconf 86' lang='lat' dir='ltr'><strong>quos</strong></span> <span class='ocrx_word' id='word_1_238' title='bbox 409 3839 515 3906; x_wconf 90' lang='lat' dir='ltr'><strong>denuo</strong></span> <span class='ocrx_word' id='word_1_239' title='bbox 542 3851 741 3917; x_wconf 86' lang='lat' dir='ltr'><strong>crearentur,</strong></span> <span class='ocrx_word' id='word_1_240' title='bbox 774 3861 840 3904; x_wconf 90' lang='lat' dir='ltr'><strong>non</strong></span> <span class='ocrx_word' id='word_1_241' title='bbox 868 3860 942 3904; x_wconf 84' lang='lat' dir='ltr'><strong>vero</strong></span> <span class='ocrx_word' id='word_1_242' title='bbox 968 3839 1054 3929; x_wconf 91' lang='lat' dir='ltr'><strong>quod</strong></span> <span class='ocrx_word' id='word_1_243' title='bbox 1081 3838 1120 3904; x_wconf 89' lang='lat' dir='ltr'><strong>ad</strong></span> <span class='ocrx_word' id='word_1_244' title='bbox 1142 3862 1253 3905; x_wconf 89' lang='lat' dir='ltr'><strong>eorum</strong></span> 
     </span>
     <span class='ocr_line' id='line_1_31' title="bbox 186 3950 1253 4041; baseline 0.005 -24"><span class='ocrx_word' id='word_1_245' title='bbox 186 3952 381 4033; x_wconf 88' lang='lat' dir='ltr'><strong>absentiam,</strong></span> <span class='ocrx_word' id='word_1_246' title='bbox 405 3954 489 4019; x_wconf 92' lang='lat' dir='ltr'><strong>solus</strong></span> <span class='ocrx_word' id='word_1_247' title='bbox 509 3954 594 4019; x_wconf 90' lang='lat' dir='ltr'><strong>enirn</strong></span> <span class='ocrx_word' id='word_1_248' title='bbox 613 3950 765 4019; x_wconf 83' lang='lat' dir='ltr'><strong>Claudius</strong></span> <span class='ocrx_word' id='word_1_249' title='bbox 781 3952 893 4016; x_wconf 89' lang='lat' dir='ltr'><strong>absens</strong></span> <span class='ocrx_word' id='word_1_250' title='bbox 910 3965 1037 4041; x_wconf 92' lang='lat' dir='ltr'><strong>praetor</strong></span> <span class='ocrx_word' id='word_1_251' title='bbox 1052 3964 1175 4018; x_wconf 90' lang='lat' dir='ltr'><strong>creatus</strong></span> <span class='ocrx_word' id='word_1_252' title='bbox 1193 3965 1253 4023; x_wconf 85' lang='lat' dir='ltr'><strong>est.</strong></span> 
     </span>
    </p>

    <p class='ocr_par' dir='ltr' id='par_1_5' title="bbox 184 4063 1251 4497">
     <span class='ocr_line' id='line_1_32' title="bbox 231 4063 1249 4156; baseline 0.002 -25"><span class='ocrx_word' id='word_1_253' title='bbox 231 4065 309 4131; x_wconf 87' lang='lat' dir='ltr'><strong>Sine</strong></span> <span class='ocrx_word' id='word_1_254' title='bbox 338 4065 437 4131; x_wconf 92' lang='lat' dir='ltr'><strong>dubio</strong></span> <span class='ocrx_word' id='word_1_255' title='bbox 465 4066 612 4145; x_wconf 90' lang='lat' dir='ltr'><strong>nuntius,</strong></span> <span class='ocrx_word' id='word_1_256' title='bbox 641 4063 729 4156; x_wconf 87' lang='lat' dir='ltr'><strong>quod</strong></span> <span class='ocrx_word' id='word_1_257' title='bbox 755 4063 840 4130; x_wconf 89' lang='lat' dir='ltr'><strong>Galli</strong></span> <span class='ocrx_word' id='word_1_258' title='bbox 860 4067 934 4130; x_wconf 86' lang='lat' dir='ltr'><strong>nori</strong></span> <span class='ocrx_word' id='word_1_259' title='bbox 955 4064 1061 4130; x_wconf 91' lang='lat' dir='ltr'><strong>hostes</strong></span> <span class='ocrx_word' id='word_1_260' title='bbox 1080 4065 1249 4147; x_wconf 88' lang='lat' dir='ltr'><strong>instarent,</strong></span> 
     </span>
     <span class='ocr_line' id='line_1_33' title="bbox 185 4177 1248 4268; baseline 0.002 -24"><span class='ocrx_word' id='word_1_261' title='bbox 185 4200 277 4244; x_wconf 88' lang='lat' dir='ltr'><strong>causa</strong></span> <span class='ocrx_word' id='word_1_262' title='bbox 294 4179 370 4257; x_wconf 79' lang='lat' dir='ltr'><strong>tuit,</strong></span> <span class='ocrx_word' id='word_1_263' title='bbox 395 4201 451 4243; x_wconf 91' lang='lat' dir='ltr'><strong>cur</strong></span> <span class='ocrx_word' id='word_1_264' title='bbox 473 4177 589 4243; x_wconf 89' lang='lat' dir='ltr'><strong>Fabius</strong></span> <span class='ocrx_word' id='word_1_265' title='bbox 609 4179 731 4244; x_wconf 89' lang='lat' dir='ltr'><strong>etiamsi</strong></span> <span class='ocrx_word' id='word_1_266' title='bbox 756 4189 859 4243; x_wconf 89' lang='lat' dir='ltr'><strong>aetate</strong></span> <span class='ocrx_word' id='word_1_267' title='bbox 875 4190 1043 4268; x_wconf 84' lang='lat' dir='ltr'><strong>provectus</strong></span> <span class='ocrx_word' id='word_1_268' title='bbox 1073 4194 1248 4260; x_wconf 87' lang='lat' dir='ltr'><strong>crearetur;</strong></span> 
     </span>
     <span class='ocr_line' id='line_1_34' title="bbox 184 4290 1250 4383; baseline 0.003 -27"><span class='ocrx_word' id='word_1_269' title='bbox 184 4292 226 4357; x_wconf 91' lang='lat' dir='ltr'><strong>ad</strong></span> <span class='ocrx_word' id='word_1_270' title='bbox 255 4315 414 4359; x_wconf 89' lang='lat' dir='ltr'><strong>summum</strong></span> <span class='ocrx_word' id='word_1_271' title='bbox 446 4292 615 4359; x_wconf 87' lang='lat' dir='ltr'><strong>discrimen</strong></span> <span class='ocrx_word' id='word_1_272' title='bbox 647 4291 825 4383; x_wconf 88' lang='lat' dir='ltr'><strong>respublica</strong></span> <span class='ocrx_word' id='word_1_273' title='bbox 854 4290 917 4358; x_wconf 90' lang='lat' dir='ltr'><strong>boc</strong></span> <span class='ocrx_word' id='word_1_274' title='bbox 937 4314 1019 4357; x_wconf 90' lang='lat' dir='ltr'><strong>anno</strong></span> <span class='ocrx_word' id='word_1_275' title='bbox 1038 4292 1164 4358; x_wconf 88' lang='lat' dir='ltr'><strong>redacta</strong></span> <span class='ocrx_word' id='word_1_276' title='bbox 1185 4308 1250 4372; x_wconf 86' lang='lat' dir='ltr'><strong>est,</strong></span> 
     </span>
     <span class='ocr_line' id='line_1_35' title="bbox 185 4404 1251 4497; baseline 0 -26"><span class='ocrx_word' id='word_1_277' title='bbox 185 4419 217 4472; x_wconf 87' lang='lat' dir='ltr'><strong>ct</strong></span> <span class='ocrx_word' id='word_1_278' title='bbox 236 4429 348 4497; x_wconf 88' lang='lat' dir='ltr'><strong>parum</strong></span> <span class='ocrx_word' id='word_1_279' title='bbox 369 4406 488 4485; x_wconf 83' lang='lat' dir='ltr'><strong>abfuit,</strong></span> <span class='ocrx_word' id='word_1_280' title='bbox 513 4408 592 4496; x_wconf 90' lang='lat' dir='ltr'><strong>quin</strong></span> <span class='ocrx_word' id='word_1_281' title='bbox 613 4419 751 4496; x_wconf 86' lang='lat' dir='ltr'><strong>quatuor</strong></span> <span class='ocrx_word' id='word_1_282' title='bbox 770 4404 902 4496; x_wconf 91' lang='lat' dir='ltr'><strong>populi,</strong></span> <span class='ocrx_word' id='word_1_283' title='bbox 926 4406 982 4494; x_wconf 92' lang='lat' dir='ltr'><strong>qui</strong></span> <span class='ocrx_word' id='word_1_284' title='bbox 1002 4417 1112 4472; x_wconf 87' lang='lat' dir='ltr'><strong>contra</strong></span> <span class='ocrx_word' id='word_1_285' title='bbox 1131 4405 1251 4471; x_wconf 85' lang='lat' dir='ltr'><strong>Roma·</strong></span> 
     </span>
    </p>
   </div>
   <div class='ocr_carea' id='block_1_3' title="bbox 184 4519 1252 4690">
    <p class='ocr_par' dir='ltr' id='par_1_6' title="bbox 184 4519 1252 4690">
     <span class='ocr_line' id='line_1_36' title="bbox 184 4519 1252 4609; baseline -0.001 -25"><span class='ocrx_word' id='word_1_286' title='bbox 184 4541 261 4588; x_wconf 90' lang='lat' dir='ltr'><strong>num</strong></span> <span class='ocrx_word' id='word_1_287' title='bbox 284 4543 402 4587; x_wconf 89' lang='lat' dir='ltr'><strong>nomen</strong></span> <span class='ocrx_word' id='word_1_288' title='bbox 421 4545 453 4588; x_wconf 92' lang='lat' dir='ltr'><strong>se</strong></span> <span class='ocrx_word' id='word_1_289' title='bbox 473 4521 654 4601; x_wconf 85' lang='lat' dir='ltr'><strong>iunxerant,</strong></span> <span class='ocrx_word' id='word_1_290' title='bbox 679 4519 868 4590; x_wconf 79' lang='lat' dir='ltr'><strong>delevissent</strong></span> <span class='ocrx_word' id='word_1_291' title='bbox 887 4530 985 4586; x_wconf 92' lang='lat' dir='ltr'><strong>totam</strong></span> <span class='ocrx_word' id='word_1_292' title='bbox 1006 4529 1143 4609; x_wconf 78' lang='lat' dir='ltr'><strong>gentem.</strong></span> <span class='ocrx_word' id='word_1_293' title='bbox 1191 4519 1252 4585; x_wconf 88' lang='lat' dir='ltr'><strong>Per</strong></span> 
     </span>
     <span class='ocr_line' id='line_1_37' title="bbox 1072 4625 1136 4690; baseline -0.047 0"><span class='ocrx_word' id='word_1_294' title='bbox 1072 4625 1136 4690; x_wconf 76' lang='lat'><strong>18*</strong></span> 
     </span>
    </p>
   </div>
   <div class='ocr_carea' id='block_1_4' title="bbox 0 0 1610 5294">
    <p class='ocr_par' dir='ltr' id='par_1_7' title="bbox 0 0 1610 5294">
     <span class='ocr_line' id='line_1_38' title="bbox 0 0 1610 5294; baseline 0 5"><span class='ocrx_word' id='word_1_295' title='bbox 0 0 1610 5294; x_wconf 95' lang='lat' dir='ltr'><strong> </strong></span> 
     </span>
    </p>
   </div>
  </div>
 </body>
</html>
