3210 5300
632 459 652 541 ᾗ
672 461 702 522 2.
723 478 846 523 saurais.
1214 462 1274 527 30³

212 654 338 722 aedium
365 655 497 722 domino
524 656 662 747 sepulto3
696 657 811 723 clamet
836 669 942 723 tamen
968 654 1057 721 stilus
1082 655 1151 721 aevi
1179 653 1272 723 Fabii

208 790 274 833 non
302 791 385 848 esse,
417 770 523 837 littera
554 770 802 860 elegantissima,
833 793 896 860 qua
923 768 1098 860 perscripta
1128 781 1189 847 est,
1221 770 1272 835 rel

210 882 274 947 sola
302 880 441 947 ostendit
469 904 535 947 non
562 903 630 947 esse
650 903 729 971 opus
748 881 816 946 eius
838 881 926 959 aeri,
950 880 1040 945 cuius
1058 900 1176 946 nomen
1195 902 1272 970 prae

208 1018 240 1061 se
271 995 344 1061 lert.
391 998 428 1060 ln
457 994 536 1061 baeu
565 994 660 1061 verba
689 996 793 1061 iurare
828 994 946 1059 invitus
981 1014 1092 1082 cogor,
1125 991 1179 1057 sed
1207 993 1271 1060 iarn

206 1109 282 1174 satis
308 1107 505 1174 debellatum
530 1119 579 1173 est
601 1107 641 1172 ab
666 1108 719 1185 iis,
749 1108 806 1198 qui
828 1107 891 1173 suis
910 1106 1010 1171 oculis
1032 1105 1163 1175 tilulum
1182 1104 1271 1171 vide·

205 1234 290 1286 runt.
335 1219 391 1286 Nil
418 1220 491 1286 novi
518 1219 689 1298 doeemur,
719 1242 802 1310 quae
827 1220 913 1284 euim
937 1230 1048 1285 auctor
1066 1218 1098 1282 in
1119 1217 1202 1283 illud
1221 1219 1271 1283 in·

206 1333 354 1424 sculpsit,
384 1333 496 1399 habuit
522 1356 558 1399 ex
587 1332 677 1398 Livio
702 1345 735 1398 et
756 1332 873 1408 Fastis,
899 1343 967 1398 tute
988 1330 1049 1399 hae
1070 1354 1176 1398 carere
1195 1356 1272 1422 pos·

205 1468 312 1512 sumus
326 1447 550 1537 inscriptione,
575 1467 656 1536 quae
682 1467 718 1510 er
744 1443 874 1511 historia
889 1444 1076 1536 explicanda
1091 1457 1149 1511 est.
1183 1443 1271 1512 Con-

205 1571 252 1624 tra
271 1557 372 1623 Zellio
402 1555 541 1636 videtur,
574 1556 631 1645 qui
657 1553 745 1621 bunc
768 1556 900 1622 titulum
928 1557 1011 1625 notia
1038 1556 1211 1623 illustrarit
1238 1569 1271 1624 et

204 1671 324 1760 recepit
340 1670 373 1735 in
389 1669 611 1734 collectionem
630 1691 734 1747 suam,
751 1670 784 1734 in
803 1692 865 1760 qua
876 1669 1015 1760 primum
1028 1670 1153 1737 obtinet
1163 1669 1273 1737 locum

205 1783 336 1850 Romuli
368 1782 490 1847 scilicet
522 1780 662 1872 elogium
691 1803 818 1848 necnon
850 1780 1025 1849 Coriolani!
1058 1784 1122 1849 acsi
1152 1765 1278 1850 talibus

204 1897 284 1963 fides
303 1894 484 1961 haberetur.
531 1892 604 1960 Non
623 1916 750 1984 possum
772 1894 850 1985 quin
867 1918 967 1985 pauca
984 1918 1128 1986 urgeam,
1153 1896 1271 1987 quibus

205 2021 366 2075 auctorse
385 2029 475 2073 reum
495 2007 702 2084 confiteatur,
725 2029 791 2072 non
810 2009 931 2074 sciebat
952 2008 1006 2074 ille
1027 2010 1187 2075 Romanos
1214 2010 1271 2074 tri·

206 2121 372 2213 umpbasse
390 2122 431 2186 de
450 2119 577 2211 populis
601 2142 708 2186 rerum
729 2144 771 2185 ex
790 2120 974 2208 regionibus
995 2134 1019 2198 ¹,
1049 2123 1138 2212 atqui
1153 2121 1272 2188 Fabius

204 2259 270 2301 uon
289 2261 327 2302 or
337 2235 516 2325 Liguribus
536 2232 760 2324 triumpharit;
784 2256 843 2299 nee
862 2233 1072 2324 intelligimus
1092 2255 1150 2303 cur
1166 2247 1271 2303 cetera

204 2349 377 2415 clarissima
398 2347 492 2414 Fabii
511 2348 700 2437 cognomina
720 2348 877 2427 omiserit,
901 2361 956 2413 aut
975 2370 1033 2414 cur
1046 2372 1117 2414 oum
1135 2349 1271 2439 imperio

202 2463 344 2553 magistri
374 2471 565 2551 aequaretur
593 2472 752 2551 potestas,
787 2461 841 2527 ubi
870 2460 969 2547 dativi
1000 2461 1089 2529 locus
1118 2474 1180 2540 est,
1210 2483 1274 2528 nee

204 2575 316 2654 babet,
340 2597 405 2664 quo
424 2572 575 2640 delendat
596 2574 755 2640 inversum
777 2574 946 2641 verborum
968 2574 1111 2641 ordinem
1133 2574 1272 2641 »Minu-

203 2690 287 2767 cius,
310 2689 424 2778 quoius
443 2686 582 2778 populus
598 2687 796 2777 imperium’',
814 2709 874 2753 nec
891 2688 1050 2754 bonorum
1069 2687 1181 2757 seriem
1198 2688 1271 2753 abs·

206 2823 268 2892 que
288 2801 399 2866 ordine
418 2801 482 2866 sive
503 2812 629 2891 tempus
649 2799 713 2867 sire
731 2823 863 2867 munera
881 2801 1046 2892 respiciam
1063 2824 1157 2892 porro
1182 2800 1272 2868 aedi·

203 2915 275 2982 litas
304 2937 371 2979 non
401 2937 459 3005 per
486 2936 528 2980 ae
556 2912 612 2980 sed
642 2935 700 3003 per
726 2918 766 2978 ui
791 2913 994 2981 scribendum
1022 2927 1121 2994 esset,
1145 2935 1272 2981 necnon

205 3027 350 3119 Ligureis
368 3049 442 3093 oum
461 3026 578 3106 Fastis,
598 3038 630 3095 et
649 3025 816 3095 Maxumus
835 3026 888 3092 rel
906 3026 1090 3094 Maxsumus
1110 3051 1177 3095 non
1196 3049 1273 3093 vero

204 3140 371 3207 iluimus.
799 3151 801 3155 ·

251 3254 430 3320 Redeamus
454 3251 494 3318 ad
514 3252 652 3317 minores
673 3252 765 3318 Fabii
784 3254 999 3344 magistratus,
1022 3255 1124 3320 missis
1146 3254 1274 3322 duabus

206 3367 398 3458 quaestoris,
431 3365 551 3456 quippe
572 3386 655 3454 quae
674 3365 820 3432 nonnihil
844 3379 1025 3457 suspectae,
1049 3366 1211 3434 videamus
1230 3368 1271 3434 de

208 3480 385 3560 aedilitate,
411 3502 507 3570 quarn
526 3480 593 3546 siue
613 3478 712 3547 dubio
728 3481 823 3569 gessit
837 3493 912 3547 ante
926 3479 1137 3547 consulatum.
1168 3481 1271 3549 dffer-

208 3605 395 3683 turlnernpe
411 3592 551 3659 adhunc
570 3592 678 3658 locum
698 3592 924 3659 illustrandum
941 3591 1082 3659 Senecae
1099 3604 1112 3642 ²
1131 3593 1271 3672 dictum,

206 3705 262 3770 ubi
289 3707 338 3770 sui
367 3706 516 3797 temporis
545 3705 660 3772 balnea
689 3728 865 3795 eorumque
894 3729 1003 3772 curam
1031 3728 1104 3772 cum
1132 3707 1275 3797 antiquis

207 3830 387 3907 comparat,
420 3831 451 3883 et
479 3820 587 3885 iuvare
618 3818 729 3884 scribit
760 3819 879 3884 intrare
902 3817 958 3885 illa
984 3818 1098 3885 balnea
1118 3819 1273 3900 obscura,

208 3951 292 4020 quae
310 3931 405 3995 scires
425 3929 577 3999 Catonem
597 3933 657 3998 tibi
675 3931 828 4010 aedilem,
851 3944 906 3996 aut
926 3931 1062 3999 Fabium
1083 3932 1274 4013 Maximum,

207 4057 263 4112 aut
281 4066 318 4109 er
339 4043 493 4110 Gemellis
515 4047 656 4137 aliquem
674 4068 774 4111 manu
800 4067 855 4109 sua
872 4056 1071 4136 temperasse.
1119 4047 1161 4112 At
1185 4045 1274 4113 baud

208 4159 273 4224 seio
293 4182 333 4223 an
357 4158 460 4247 urgeri
480 4158 578 4249 possit
599 4159 676 4226 baec
697 4159 871 4238 sententia,
897 4182 970 4224 nam
988 4160 1116 4225 nonnisi
1135 4162 1272 4252 exempli

207 4293 301 4337 causa
330 4272 498 4361 antiquum
526 4271 662 4340 aedilem
692 4296 792 4339 unum
823 4296 841 4338 e
869 4271 974 4338 Fabiis
999 4272 1123 4353 laudat,
1146 4274 1274 4365 dequo

237 4518 256 4589 ¹]
271 4519 309 4575 Cf.
318 4522 386 4574 Fast.
396 4523 436 4573 tri.
446 4524 546 4588 pessim3
555 4523 636 4575 obstat
644 4524 746 4576 unicum
755 4524 900 4590 exemplum
909 4525 971 4576 enni
980 4527 1038 4576 526.
1068 4520 1089 4591 ²)
1102 4522 1184 4591 Epist.
1195 4524 1247 4588 8⁶35
1255 4529 1279 4575 7.
