3212 5294
332 433 392 494 230
453 452 481 503 o.
495 450 600 494 rarius
613 449 640 494 n.
656 452 683 495 r.
697 452 728 495 u.
742 451 769 496 n.
785 451 879 494 aureo
896 432 970 515 (39).
989 431 1049 515 §2-
1067 450 1200 494 rnruroa
1213 433 1283 494 558.

339 627 490 707 eludunt,
515 627 634 719 quippe
655 628 729 717 qui,
754 640 789 694 ut
808 651 876 694 mos
896 640 959 709 est,
981 628 1014 694 in
1033 640 1144 695 senatu
1163 626 1313 694 sciscitati
1330 637 1403 692 suut

341 765 358 805 a
378 740 489 830 legatis
508 739 686 829 quidlibet,
711 740 767 828 qui
787 739 1022 829 respondebant
1041 739 1137 829 igitur
1157 763 1210 820 ea,
1233 760 1316 828 quae
1336 761 1354 804 e
1372 761 1407 805 ra

341 853 480 918 consulis
510 865 626 929 essent;
660 853 705 916 sic
734 851 1032 918 demonstraverunt
1062 853 1156 918 maris
1188 864 1409 941 terrarumque

342 989 416 1031 eum
444 988 509 1030 esse
538 965 649 1044 situm,
681 977 715 1030 ut
738 966 764 1030 si
790 965 958 1056 Philippus
979 989 1016 1031 er
1036 965 1272 1031 conditionibus
1292 964 1410 1030 Deme·

340 1078 476 1144 triadem
497 1079 529 1143 iu
550 1078 727 1157 Thessalia,
752 1077 939 1145 Chalcidem
960 1079 993 1143 in
1014 1079 1146 1144 Euboea
1165 1091 1198 1145 et
1219 1074 1409 1145 Corinthum

341 1192 375 1256 in
409 1190 529 1255 hchaia
558 1202 697 1269 teneret,
731 1192 897 1268 Graeciam
925 1215 990 1257 non
1017 1192 1149 1258 liberam
1173 1192 1252 1257 sore.
1299 1188 1410 1278 Legati

342 1315 512 1395 postquam
532 1304 767 1395 respondissent
786 1303 971 1395 Philippum
989 1329 1027 1371 er
1050 1307 1152 1371 tribus
1170 1304 1236 1370 illis
1256 1326 1322 1368 nou
1342 1323 1411 1366 ces·

344 1440 467 1496 surum,
497 1417 615 1482 insecta
641 1439 721 1507 pace
740 1417 920 1495 redierunt,
944 1419 1068 1484 consuli
1095 1418 1244 1483 nuntium
1274 1417 1411 1482 ferentes

344 1541 470 1596 senatus
496 1530 652 1608 consulti,
676 1553 711 1595 er
734 1550 800 1619 quo
819 1529 868 1593 illi
893 1530 1033 1597 liberum
1059 1531 1146 1621 pacis
1175 1530 1317 1619 bellique
1337 1551 1413 1619 per·

343 1641 475 1707 missum
496 1653 544 1705 est
565 1641 748 1719 arbitrium,
772 1662 897 1705 necnon
917 1653 1123 1731 prorogatum
1143 1641 1334 1731 imperium,
1354 1639 1415 1705 do·

346 1774 407 1822 uec
435 1774 596 1821 successor
620 1755 752 1821 reniret.
800 1752 894 1836 Quod
924 1766 1051 1819 senatus
1078 1754 1260 1819 consultum
1290 1752 1414 1818 etiamsi

345 1867 455 1934 Livius
489 1881 499 1918 1
531 1868 640 1934 retulit
666 1879 739 1933 ante
769 1866 978 1956 legationem,
1002 1891 1067 1933 non
1093 1880 1170 1933 tunc
1196 1866 1317 1933 facturn
1347 1887 1414 1932 esse

346 2003 480 2061 cense03
514 1981 607 2047 huius
636 1981 721 2046 enim
752 2002 815 2044 non
847 1980 975 2069 ignarus
1002 1981 1112 2048 fuisset
1139 1981 1338 2047 Flamininus
1357 2001 1416 2069 per

348 2094 466 2159 amicos
491 2118 579 2173 suos,
609 2116 713 2185 neque
741 2093 937 2159 indutiarum
959 2093 1048 2159 locus
1069 2094 1195 2174 fuisset,
1217 2116 1324 2184 neque
1345 2092 1413 2157 col·

344 2207 464 2297 loquii,
489 2230 594 2297 neque
611 2207 716 2297 pacis,
740 2205 805 2270 imo
827 2204 1052 2294 delegationis
1074 2206 1215 2296 quidem.
1262 2204 1414 2292 Polybius

348 2322 544 2385 contrarium
573 2320 664 2386 nobis
692 2318 844 2384 disertas
877 2318 1022 2398 tradidit,
1055 2342 1151 2409 quern
1174 2319 1283 2385 Livius
1302 2317 1416 2384 Latine

349 2443 474 2498 vertens
493 2433 598 2499 minus
618 2442 765 2497 accurate
787 2430 952 2520 excerpsit.

679 2615 697 2698 §
723 2615 753 2678 2.
800 2611 949 2676 Praetor
974 2617 1040 2680 558
1066 2624 1090 2678 ³.

396 2768 485 2834 Inter
503 2790 556 2835 sex
576 2779 755 2859 praetores,
781 2782 828 2837 tot
848 2770 933 2835 enim
955 2793 1039 2836 anno
1051 2777 1115 2840 557
1127 2772 1266 2862 primum
1288 2771 1418 2836 luerunt

350 2882 564 2947 crescentibus
581 2882 754 2972 provinciis
773 2896 805 2950 et
826 2884 920 2948 latius
939 2895 1122 2974 patescente
1140 2885 1293 2976 imperio,
1307 2882 1344 2968 Q.
1356 2884 1417 2949 Fa-

351 2995 426 3059 bius
456 2994 559 3059 Buteo
586 2995 619 3060 in
648 3018 768 3061 annum
795 3000 861 3062 558
885 3007 1008 3060 creatus
1029 3008 1095 3075 est,
1118 2997 1171 3061 cui
1193 2995 1324 3061 obvenit
1345 2993 1418 3059 llis·

350 3107 446 3199 pania
478 3107 629 3174 Ulterior.
676 3110 736 3175 Per
762 3108 1006 3199 praecedentem
1034 3132 1152 3176 annum
1178 3122 1191 3160 ⁴
1220 3110 1263 3177 Μ.
1289 3107 1419 3173 Helvius

351 3245 422 3287 eam
442 3233 601 3300 tenuerat,
622 3222 711 3287 cuius
725 3233 844 3295 ueteres
860 3237 895 3287 ut
910 3221 1147 3288 dimitterentur
1162 3222 1288 3314 copiae,
1304 3219 1420 3285 Fabius

353 3356 425 3401 cum
448 3357 529 3400 uora
549 3335 675 3425 legione
692 3335 855 3426 profectus
876 3347 942 3413 est,
964 3347 1135 3426 postquam
1157 3335 1328 3401 maioribus
1347 3332 1420 3399 hos·

356 3447 407 3513 tiis
427 3447 570 3537 prodigia
581 3460 670 3514 erant
687 3457 869 3538 procurata:
891 3466 989 3534 eques
1006 3458 1038 3512 et
1049 3446 1142 3513 aedes
1158 3447 1313 3515 Feroniae
1329 3450 1419 3515 coelo

357 3564 452 3638 tacti,
485 3559 580 3651 lupus
608 3563 731 3628 Urbem
751 3561 925 3648 ingressus,
948 3572 1064 3627 cetera.
1112 3560 1239 3627 bellum
1257 3576 1422 3629 moverant

359 3673 599 3763 Hispanienses,
624 3675 701 3741 dum
731 3672 868 3740 Romani
890 3673 978 3738 bello
997 3673 1225 3738 detinebantur
1247 3674 1371 3741 Gallico
1391 3688 1422 3741 et

357 3785 547 3879 Philippico.
576 3789 781 3880 ignoramus,
805 3784 844 3852 an
864 3787 1070 3853 memorabile
1088 3786 1210 3877 aliquid
1226 3787 1329 3854 Buteo
1349 3813 1422 3857 nos·

359 3912 407 3966 ter
435 3905 580 3990 gesserit,
604 3904 799 3994 provinciam
822 3901 907 3967 haud
930 3900 973 3966 ita
1005 3911 1147 3990 pacatam
1176 3900 1332 3992 suscepit,
1365 3923 1423 3968 nec

361 4037 433 4083 mor
461 4029 573 4105 pacata
600 4017 680 4095 fuit;
704 4014 902 4083 decedebant
927 4037 963 4079 er
984 4013 1138 4103 flispania
1166 4015 1312 4081 consules
1334 4038 1423 4106 prae·

364 4137 511 4217 toresque
531 4151 605 4196 cum
624 4130 746 4219 magnis
774 4128 933 4219 pecuniis,
963 4127 1048 4216 quod
1074 4148 1174 4216 quum
1195 4151 1259 4194 uon
1283 4129 1424 4196 tradatur

392 4414 410 4482 ¹)
429 4416 548 4466 xxxn.
573 4421 615 4466 22.
702 4415 830 4486 ²)xv11.
851 4423 879 4469 rr
900 4416 912 4483 t
933 4422 954 4467 1.
1042 4413 1062 4484 ⁵)
1079 4416 1136 4469 Lu.
1158 4417 1291 4470 xxxin.
1316 4424 1364 4482 24,
1388 4421 1427 4468 aa.

357 4498 377 4567 ⁴)
395 4502 451 4552 nav.
470 4500 588 4551 xxxu.
608 4506 649 4552 ss.
