3190 5304
342 454 403 517 888
484 471 511 520 a.
534 469 636 514 ramus
657 470 686 520 a.
707 468 734 515 r.
756 470 784 521 Q·
806 468 834 511 rr.
856 450 986 515 ns'iiuus
1007 470 1183 513 snuraranns
1203 451 1278 535 (48).

353 650 439 731 μετα
460 635 659 731 δὲ’χὲιμῶνα
680 648 810 716 alterius
830 631 921 728 anni,
954 646 1132 714 carendum
1153 636 1238 715 enim
1267 671 1351 728 esse,
1376 658 1418 715 ud

358 763 460 829 lector
493 762 636 828 erederet
666 785 762 829 verno
793 774 935 853 tempore
968 762 1043 826 anni
1078 764 1144 827 609
1169 761 1348 829 Viriathum
1379 764 1422 827 ab

355 875 534 941 Aemiliano
563 897 631 940 esse
662 875 825 964 iugatum,
857 884 1028 963 postquam
1058 894 1118 961 per
1146 872 1268 963 aliquot
1295 898 1421 941 menses

352 973 459 1078 'copias
483 988 681 1053 exercuisset.
1417 1002 1420 1009 '

401 1100 482 1166 Tum
494 1100 572 1166 duas
591 1100 685 1165 urbes
701 1099 801 1190 oepit,
822 1103 957 1190 quarum
976 1119 1071 1163 unam
1088 1098 1244 1164 militibus
1263 1104 1420 1168 noncessit

354 1215 583 1306 diripiendam,
606 1216 738 1281 alteram
760 1213 908 1280 incendio
932 1213 1066 1293 delerit3
1090 1212 1207 1279 deiude
1234 1214 1339 1305 ipsum
1360 1214 1420 1281 vi-

352 1328 491 1395 riathum
511 1329 674 1393 insecutus
693 1339 740 1393 est
758 1326 888 1417 quidem
907 1327 940 1392 in
956 1320 1074 1392 terram
1086 1325 1213 1407 Βαιαόρ,
1230 1326 1285 1391 ubi
1300 1328 1421 1393 multos

352 1424 475 1521 caedit,
498 1424 637 1532 denique
658 1439 826 1507 Cordubae
848 1439 1009 1506 hiemavit.
1056 1439 1111 1505 Nil
1132 1439 1309 1530 quidquam
1326 1454 1420 1532 pote·

352 1567 423 1621 rant
460 1553 597 1618 Romani
626 1551 748 1616 etiamsi
778 1550 941 1615 fortissimi
971 1562 1081 1615 eontra
1112 1550 1296 1618 bellicosam
1326 1553 1419 1619 istam

351 1679 499 1758 gentem,
523 1666 567 1730 ita
588 1676 624 1729 ut
645 1687 679 1729 re
704 1686 773 1729 uera
793 1662 881 1728 baud
901 1662 1041 1729 multum
1061 1664 1160 1753 egerit
1179 1677 1294 1732 noster.

397 1778 465 1845 Neo
498 1800 572 1844 sero
599 1777 780 1868 negaverim
810 1776 980 1842 Aemiliani
1006 1799 1056 1841 res
1084 1789 1185 1867 gestas
1209 1779 1307 1868 paulo
1327 1779 1420 1846 aliter

351 1891 518 1971 accidisse,
551 1913 626 1955 uum
659 1891 726 1956 fieri
750 1901 855 1982 potest
895 1901 930 1955 ut
966 1889 1089 1980 aliquid
1121 1891 1335 1973 interciderit,
1364 1869 1419 1958 bio

350 2004 462 2070 saltem
492 2003 663 2069 incidimus
690 2004 724 2068 in
754 2001 920 2068 turbidum
956 2002 1093 2094 Appiani
1121 2003 1249 2086 laeum,
1279 2016 1316 2070 ut
1347 2028 1418 2073 rec-

350 2102 471 2184 lissime
490 2117 627 2183 editores
647 2116 769 2183 odorati
786 2127 874 2194 sunt,
893 2117 949 2206 qui
969 2117 1063 2182 verbu
1083 2118 1237 2202 ἐχείμαζε
1255 2156 1301 2168 -
1320 2122 1420 2199 atpi-

347 2230 455 2304 ανανός
492 2254 529 2297 on
557 2233 660 2322 capite
691 2234 733 2298 68
762 2228 983 2319 subiungenda
1015 2242 1206 2296 censuerunt
1238 2231 1334 2321 capiti
1363 2235 1419 2301 65.

353 2326 496 2426 Quorum
521 2345 555 2409 in
580 2343 770 2409 sententiam
789 2342 924 2434 pedibus
944 2342 991 2409 ire
1011 2365 1077 2408 uon
1095 2342 1227 2423 dubito,
1252 2367 1324 2410 nam
1345 2350 1421 2411 rera'

349 2438 383 2520 in
405 2454 665 2521 annotationibus
685 2454 892 2545 protulerunt
913 2466 1110 2544 argumenta.
1157 2452 1226 2519 Nec
1246 2466 1351 2520 tamen
1372 2457 1419 2522 sio

350 2581 436 2635 totus
458 2569 513 2635 ille
536 2570 626 2635 loeus
655 2568 818 2633 restitutus
840 2580 905 2649 est,
929 2568 1011 2632 riam
1040 2578 1165 2633 tantum
1201 2579 1419 2635 monstrarunt

350 2684 419 2761 illi,
443 2664 505 2774 qua
526 2705 658 2774 pergere
678 2705 741 2747 non
762 2681 829 2747 ausi
850 2680 1019 2748 haeserunt
1038 2682 1070 2747 in
1087 2680 1250 2748 reddendo
1271 2683 1419 2775 Appiano

351 2818 434 2886 quae
461 2798 527 2886 ipse
557 2795 697 2861 dederat.
745 2795 812 2859 Iam
843 2817 907 2885 quo
929 2794 1028 2860 modo
1053 2795 1289 2885 persanandum
1307 2796 1418 2861 locum

351 2930 515 2986 censeam,
538 2907 647 2998 paucis
668 2906 789 2973 diuam:
812 2919 885 2997 post
907 2907 1001 2974 rerba
1022 2896 1055 2974 in
1075 2908 1179 2999 eapite
1198 2913 1242 2974 65
1262 2909 1314 2973 καὶ
1331 2909 1417 2989 ἐχεί-

348 2998 448 3102 μαζεν
464 3022 494 3085 ἕν
516 3021 656 3104 Κορδύβρ
677 3020 909 3110 subiungantur
928 3020 1065 3102 δεύτερον
1081 3018 1147 3092 ἔτος
1163 3021 1217 3096 ἤδη
1233 3027 1419 3101 στρατηγῶν

349 3134 439 3197 τοῦδε
467 3137 521 3197 τοῦ
546 3130 695 3209 πολέμου.
743 3130 804 3195 Καὶ
823 3128 900 3195 τάδε
920 3131 978 3209 μὲν
1000 3130 1013 3192 ὁ
1039 3132 1251 3211 Σερονιλοανδς
1278 3131 1418 3212 ἐργασα-

349 3269 440 3327 μενος
477 3246 507 3317 ἐς
537 3244 655 3322 Ῥώμαν
689 3245 790 3323 ἀπῆρε
824 3241 1046 3322 διαδεξαμένου
1078 3244 1134 3317 τὴν
1165 3233 1266 3325 ἀρχὴν
1291 3243 1419 3308 Κοΐντου

348 3358 513 3437 Πομπηΐου
538 3357 655 3424 Adduo.
703 3356 812 3420 Potest
832 3353 916 3421 enim
936 3361 980 3420 sio
1003 3354 1154 3421 facillima
1171 3355 1319 3446 explicari
1340 3356 1418 3445 quid

350 3470 588 3563 transpositioni
617 3493 725 3535 ansam
756 3468 898 3549 dederit,
932 3470 1078 3561 repetitio
1108 3492 1225 3560 nempe
1252 3458 1338 3534 illius
1362 3456 1415 3534 καὶ

350 3584 533 3666 ἐχείμαζεν,
552 3582 637 3672 quod
652 3582 705 3648 alii
722 3582 778 3649 alii
793 3583 975 3649 tribuerunt
985 3584 1186 3676 imperatori,
1203 3582 1277 3648 bino
1295 3583 1419 3648 librarii

242 3678 244 3684 ’
351 3716 482 3759 errores.
530 3692 622 3776 Quod
643 3694 669 3759 si
691 3704 776 3758 reote
795 3682 1012 3784 disputavero,
1036 3706 1180 3784 suspecta
1199 3692 1303 3759 babeo
1322 3717 1418 3760 rooa-

352 3792 434 3872 bula*
458 3808 488 3871 ἒν
517 3806 656 3887 Κορδύβρ
689 3818 798 3898 utpote
824 3805 1030 3897 exsequenti
1058 3806 1164 3897 capite
1184 3807 1335 3896 repetita,
1359 3809 1417 3873 sed

351 3904 420 3986 boe¹
433 3902 518 3983 nune
540 3940 603 3983 non
625 3940 732 4009 urgeo.
769 3919 810 3985 dt
827 3906 1083 3986 Seruiliano'iam
1101 3918 1246 3984 tribuunt
1264 3906 1416 3999 editores,

351 4016 438 4123 quod
468 4031 566 4096 frater
593 4031 660 4097 eius
689 4032 842 4099 Maximus
871 4033 1066 4099 Aemilianus
1093 4032 1187 4112 feeit,
1218 4032 1330 4097 leotori
1359 4033 1418 4097 uni

350 4128 401 4212 ael
421 4146 512 4212 alteri
528 4126 655 4210 videtur
675 4145 753 4210 illud
777 4145 972 4227 suboluisse,
997 4139 1056 4212 neo
1072 4154 1109 4213 'se
1128 4146 1233 4236 potuit
1253 4146 1419 4213 continere

352 4261 429 4351 quin
449 4260 482 4325 iu
504 4259 645 4348 margine
664 4258 877 4349 adscripserit:
898 4259 911 4323 ὁ
929 4261 959 4325 δὲ
976 4260 1114 4343 ἀδελφὸς
1134 4263 1247 4339 αὐτοῦ,
1264 4258 1418 4339 Μάξιμος

349 4371 550 4452 Αἰμιλιανός;
583 4371 674 4436 ouius
693 4373 740 4437 rei
760 4371 822 4437 boo
840 4372 995 4438 indicium
1018 4396 1085 4439 esse
1105 4372 1247 4452 ridetur,
1271 4372 1358 4464 quod
1380 4374 1415 4439 in

348 4487 487 4593 alienum
509 4484 616 4551 locum
638 4484 779 4551 scholion
801 4487 978 4577 irrepserit,-
997 4510 1111 4576 nempe
1126 4501 1197 4578 post
1214 4486 1309 4556 rerba
1327 4496 1421 4568 Πομ·
