3154 5294
414 446 434 528 t
455 448 484 508 3.
505 460 651 509 norrssrs
671 463 701 507 rs
723 463 857 511 nrsroms
879 467 1006 511 scuras.
1183 452 1242 514 125

173 641 261 709 Rhea
285 638 399 717 Silvia,
432 664 514 732 quac
544 641 611 739 nisi
633 641 739 709 vitiata
770 643 894 732 puella,
919 640 1074 709 Conditor
1099 646 1241 712 nominis

216 756 354 822 Romani
378 754 538 822 defuisset.

174 868 326 949 Sabinae,
359 891 441 959 quae
470 868 530 934 nisi
560 867 823 948 intercessissent,
852 892 916 935 oon
945 884 1142 960 superassent
1169 871 1239 936 Ro·

182 1042 185 1047 ,
216 980 469 1069 maniSabinss.

174 1095 337 1174 Lucretia,
360 1117 442 1185 quae
460 1094 520 1160 nisi
541 1094 666 1172 uitiata,
690 1117 779 1185 reges
797 1117 862 1160 uon
879 1095 973 1162 eiecti
991 1109 1102 1162 essent.

173 1209 318 1288 Veturia,
413 1230 495 1299 quac
515 1208 576 1274 nisi
595 1207 781 1297 deprecatae
799 1221 904 1274 essent
923 1207 1145 1288 Coriolanum,
1168 1232 1238 1274 reus

172 1321 358 1401 Volumnia,
458 1322 635 1387 Romanam
664 1321 769 1386 Volsci
792 1320 989 1388 delevissent.

172 1436 327 1525 Virginis,
351 1458 448 1526 quam
468 1434 528 1501 nisi
549 1433 669 1525 Appius
687 1432 840 1501 Claudius
867 1434 1116 1526 concupivisset,
1148 1428 1237 1498 Xriri

215 1572 280 1615 non
301 1548 502 1616 interiissent.

172 1662 268 1753 Virgo
295 1661 411 1728 Ardeas
433 1672 462 1740 ¹,
494 1684 590 1751 quam
622 1661 682 1726 nisi
712 1662 840 1729 iuvenes
868 1660 1069 1751 petivissent,
1099 1659 1237 1727 Romani

215 1797 279 1840 non
301 1772 517 1841 debellassent
537 1773 678 1841 Volscos.

171 1887 304 1966 Fabiae,
327 1898 465 1977 quarum
484 1886 545 1951 uisi
567 1887 724 1954 minorem
745 1887 917 1978 expavisset
940 1887 1033 1953 lictor
1057 1885 1140 1951 foras
1160 1885 1237 1975 pul-

218 1999 336 2080 sando,
354 1999 446 2090 plebs
465 2021 521 2064 sua
540 2000 608 2064 iura
629 2022 693 2067 non
714 2012 795 2066 esset
815 1999 941 2089 adepta.

172 2113 318 2204 Tarpeia,
342 2113 395 2179 cui
413 2134 499 2179 sacra
518 2111 640 2179 fiebant
657 2112 827 2209 solemnia,
849 2112 938 2203 atqui
958 2111 1078 2202 aliquid
1100 2111 1238 2178 Romani

214 2227 260 2294 illi
282 2225 471 2293 debuerunt.
743 2314 747 2321 ι

171 2339 304 2417 Cloelia,
328 2340 387 2404 sui
402 2338 445 2404 ob
464 2337 575 2405 nobile
592 2338 712 2405 factum
734 2350 836 2405 statua
856 2338 1011 2429 equestris
1030 2336 1143 2426 posita.

171 2450 340 2543 Tanaquil,
363 2473 446 2541 quae
464 2449 573 2517 Servio
594 2451 700 2517 Tullio
721 2451 808 2542 regni
830 2461 941 2517 auctor
965 2449 1092 2516 exstitit.

172 2566 291 2645 Tullia,
315 2587 397 2656 quae
418 2577 540 2655 patrem
561 2564 702 2656 perdidit
727 2577 759 2631 et
783 2565 958 2656 Tarquinio
982 2587 1112 2654 regnum
1138 2562 1237 2631 dedit.

213 2679 251 2746 ln
271 2703 305 2745 re
325 2679 476 2744 amatoria
506 2677 719 2745 muliebribus
740 2703 802 2745 uon
825 2679 989 2745 fidendum
1022 2701 1089 2744 esse
1117 2689 1236 2743 canunt
1318 2750 1321 2756 ,

170 2801 297 2884 potitae,
320 2812 430 2858 rerum
451 2791 528 2883 quid
551 2814 669 2882 quaeso
692 2792 801 2859 valent
822 2793 854 2858 iu
884 2792 1031 2870 historia,
1055 2792 1081 2857 si
1106 2812 1237 2857 accura-

172 2908 232 2972 tius
250 2928 320 2971 eam
339 2916 584 2996 perscrutamur.
628 2904 861 2996 Relinquamus
878 2906 984 2996 poetis
1004 2916 1035 2971 et
1057 2903 1240 2970 rhetoribus

172 3018 227 3085 ista
246 3018 352 3093 omnia
372 3017 569 3082 decantanda
597 3017 763 3084 exercendi
784 3041 894 3097 causa,
917 3040 982 3084 uon
999 3041 1072 3083 vero
1102 3018 1237 3109 recipia-

171 3154 242 3197 mus
256 3133 291 3199 iu
303 3129 483 3210 historiam,
504 3153 599 3221 quam
615 3130 706 3196 nobis
718 3131 927 3198 informamus
945 3131 1115 3220 imaginem
1126 3152 1239 3196 eorum

172 3267 254 3335 quae
274 3268 307 3311 re
327 3268 401 3311 sera
423 3255 508 3334 gesta
534 3255 616 3310 sunt.

593 3449 803 3461 -—-..--———

547 3528 726 3663 CAPUT
760 3589 861 3662 VllI.
909 3635 911 3639 .

271 3704 550 3818 consecramus
576 3733 634 3824 (u.)
660 3750 689 3802 s.
716 3733 774 3822 (rr.)
803 3753 833 3800 s.
860 3751 1030 3800 sususrus
1055 3708 1155 3824 (m,

536 3883 554 3966 §
580 3880 609 3944 1.
660 3875 872 3970 Genealogia.

220 4031 365 4115 Quonam
386 4043 475 4122 patre
492 4031 547 4097 hic
560 4029 677 4097 Fabius
698 4051 774 4097 usus
791 4029 847 4117 sit,
867 4039 954 4095 certe
970 4027 1096 4094 definiri
1111 4029 1238 4119 nequit;

177 4155 278 4233 potest
300 4157 408 4210 tamen
429 4145 591 4210 contemni
610 4166 721 4211 eorum
752 4143 860 4234 opinio
890 4143 946 4234 qui
969 4155 1092 4234 patrem
1121 4143 1151 4209 ei
1180 4144 1238 4208 tri·

177 4255 278 4324 buunt
300 4256 338 4340 Q.
362 4257 495 4325 Fabium
519 4256 565 4347 (9)
583 4257 749 4327 tribunum
768 4260 853 4332 342,
876 4260 957 4338 3645
981 4279 1135 4329 annorum
1151 4256 1238 4337 enim

201 4503 221 4573 ¹)
238 4508 293 4561 Lis.
312 4508 361 4567 tv.
381 4514 410 4571 s,
433 4514 473 4559 rs.
496 4580 498 4583 v
