<?xml version="1.0" encoding="UTF-8"?>
<!DOCTYPE html PUBLIC "-//W3C//DTD XHTML 1.0 Transitional//EN"
    "http://www.w3.org/TR/xhtml1/DTD/xhtml1-transitional.dtd">
<html xmlns="http://www.w3.org/1999/xhtml" xml:lang="en" lang="en">
 <head>
  <title>
</title>
<meta http-equiv="Content-Type" content="text/html;charset=utf-8" />
  <meta name='ocr-system' content='tesseract 3.04.00' />
  <meta name='ocr-capabilities' content='ocr_page ocr_carea ocr_par ocr_line ocrx_word'/>
</head>
<body>
  <div class='ocr_page' id='page_1' title='image "./disputatiodegen00servgoog_0224.png"; bbox 0 0 3212 5294; ppageno 0'>
   <div class='ocr_carea' id='block_1_1' title="bbox 355 456 1289 538">
    <p class='ocr_par' dir='ltr' id='par_1_1' title="bbox 355 456 1289 538">
     <span class='ocr_line' id='line_1_1' title="bbox 355 456 1289 538; baseline 0.004 -21"><span class='ocrx_word' id='word_1_1' title='bbox 355 456 376 538; x_wconf 64' lang='lat'><strong>5</strong></span> <span class='ocrx_word' id='word_1_2' title='bbox 397 456 426 518; x_wconf 86' lang='grc'><strong>3.</strong></span> <span class='ocrx_word' id='word_1_3' title='bbox 447 474 623 518; x_wconf 77' lang='lat' dir='ltr'><strong>anaauesrs</strong></span> <span class='ocrx_word' id='word_1_4' title='bbox 645 475 683 517; x_wconf 77' lang='lat' dir='ltr'><strong>nx</strong></span> <span class='ocrx_word' id='word_1_5' title='bbox 706 475 800 519; x_wconf 78' lang='lat' dir='ltr'><strong>tauers</strong></span> <span class='ocrx_word' id='word_1_6' title='bbox 822 476 858 518; x_wconf 84' lang='lat' dir='ltr'><strong>oe</strong></span> <span class='ocrx_word' id='word_1_7' title='bbox 881 476 949 519; x_wconf 83' lang='lat' dir='ltr'><strong>rose</strong></span> <span class='ocrx_word' id='word_1_8' title='bbox 970 477 1142 522; x_wconf 79' lang='lat' dir='ltr'><strong>resrrrtcto.</strong></span> <span class='ocrx_word' id='word_1_9' title='bbox 1225 463 1289 524; x_wconf 83' lang='lat'>209.</span> 
     </span>
    </p>
   </div>
   <div class='ocr_carea' id='block_1_2' title="bbox 208 650 1281 3204">
    <p class='ocr_par' dir='ltr' id='par_1_2' title="bbox 209 650 1281 2663">
     <span class='ocr_line' id='line_1_2' title="bbox 263 650 1280 721; baseline 0.004 -4"><span class='ocrx_word' id='word_1_10' title='bbox 263 650 381 717; x_wconf 83' lang='lat' dir='ltr'><strong>Contra</strong></span> <span class='ocrx_word' id='word_1_11' title='bbox 400 651 552 716; x_wconf 89' lang='lat' dir='ltr'><strong>disertum</strong></span> <span class='ocrx_word' id='word_1_12' title='bbox 576 651 727 717; x_wconf 85' lang='lat' dir='ltr'><strong>Macrobii</strong></span> <span class='ocrx_word' id='word_1_13' title='bbox 748 654 963 720; x_wconf 88' lang='lat' dir='ltr'><strong>testimonium</strong></span> <span class='ocrx_word' id='word_1_14' title='bbox 984 653 1071 720; x_wconf 87' lang='lat' dir='ltr'><strong>hono</strong></span> <span class='ocrx_word' id='word_1_15' title='bbox 1090 656 1196 721; x_wconf 91' lang='lat' dir='ltr'><strong>locum</strong></span> <span class='ocrx_word' id='word_1_16' title='bbox 1218 655 1280 720; x_wconf 76' lang='lat' dir='ltr'><strong>lla-</strong></span> 
     </span>
     <span class='ocr_line' id='line_1_3' title="bbox 217 762 1279 856; baseline 0.007 -29"><span class='ocrx_word' id='word_1_17' title='bbox 217 762 270 827; x_wconf 91' lang='lat' dir='ltr'><strong>bio</strong></span> <span class='ocrx_word' id='word_1_18' title='bbox 297 763 413 829; x_wconf 86' lang='lat' dir='ltr'><strong>Pistori</strong></span> <span class='ocrx_word' id='word_1_19' title='bbox 432 765 570 830; x_wconf 86' lang='lat' dir='ltr'><strong>tribuere</strong></span> <span class='ocrx_word' id='word_1_20' title='bbox 589 765 705 844; x_wconf 89' lang='lat' dir='ltr'><strong>audeo,</strong></span> <span class='ocrx_word' id='word_1_21' title='bbox 735 765 821 856; x_wconf 91' lang='lat' dir='ltr'><strong>quod</strong></span> <span class='ocrx_word' id='word_1_22' title='bbox 843 766 986 834; x_wconf 89' lang='lat' dir='ltr'><strong>nondum</strong></span> <span class='ocrx_word' id='word_1_23' title='bbox 1012 768 1088 834; x_wconf 86' lang='lat' dir='ltr'><strong>fecit</strong></span> <span class='ocrx_word' id='word_1_24' title='bbox 1118 769 1279 835; x_wconf 88' lang='lat' dir='ltr'><strong>llrausius.</strong></span> 
     </span>
     <span class='ocr_line' id='line_1_4' title="bbox 217 874 1280 972; baseline 0.004 -29"><span class='ocrx_word' id='word_1_25' title='bbox 217 874 348 943; x_wconf 76' lang='lat' dir='ltr'><strong>Constat</strong></span> <span class='ocrx_word' id='word_1_26' title='bbox 367 877 453 943; x_wconf 90' lang='lat' dir='ltr'><strong>enirn</strong></span> <span class='ocrx_word' id='word_1_27' title='bbox 472 877 628 944; x_wconf 88' lang='lat' dir='ltr'><strong>Pictorem</strong></span> <span class='ocrx_word' id='word_1_28' title='bbox 648 878 806 969; x_wconf 73' lang='lat' dir='ltr'><strong>scripsisse</strong></span> <span class='ocrx_word' id='word_1_29' title='bbox 824 879 920 946; x_wconf 91' lang='lat' dir='ltr'><strong>libros</strong></span> <span class='ocrx_word' id='word_1_30' title='bbox 938 881 1014 946; x_wconf 87' lang='lat' dir='ltr'><strong>iuris</strong></span> <span class='ocrx_word' id='word_1_31' title='bbox 1030 882 1189 972; x_wconf 87' lang='lat' dir='ltr'><strong>pontificii</strong></span> <span class='ocrx_word' id='word_1_32' title='bbox 1207 895 1230 960; x_wconf 91' lang='lat'><strong>¹,</strong></span> <span class='ocrx_word' id='word_1_33' title='bbox 1246 881 1280 947; x_wconf 87' lang='lat' dir='ltr'><strong>in</strong></span> 
     </span>
     <span class='ocr_line' id='line_1_5' title="bbox 215 989 1276 1086; baseline 0.008 -32"><span class='ocrx_word' id='word_1_34' title='bbox 215 989 331 1080; x_wconf 83' lang='lat' dir='ltr'><strong>quibos</strong></span> <span class='ocrx_word' id='word_1_35' title='bbox 349 991 454 1080; x_wconf 72' lang='lat' dir='ltr'><strong>attigit</strong></span> <span class='ocrx_word' id='word_1_36' title='bbox 479 1013 561 1082; x_wconf 86' lang='lat' dir='ltr'><strong>qnae</strong></span> <span class='ocrx_word' id='word_1_37' title='bbox 579 1014 667 1058; x_wconf 85' lang='lat' dir='ltr'><strong>sacra</strong></span> <span class='ocrx_word' id='word_1_38' title='bbox 688 1014 914 1083; x_wconf 86' lang='lat' dir='ltr'><strong>sacrorumque</strong></span> <span class='ocrx_word' id='word_1_39' title='bbox 935 995 1092 1062; x_wconf 76' lang='lat' dir='ltr'><strong>antistites</strong></span> <span class='ocrx_word' id='word_1_40' title='bbox 1110 1008 1276 1086; x_wconf 87' lang='lat' dir='ltr'><strong>spectant,</strong></span> 
     </span>
     <span class='ocr_line' id='line_1_6' title="bbox 215 1103 1278 1198; baseline 0.007 -31"><span class='ocrx_word' id='word_1_41' title='bbox 215 1116 337 1169; x_wconf 87' lang='lat' dir='ltr'><strong>constat</strong></span> <span class='ocrx_word' id='word_1_42' title='bbox 357 1103 473 1171; x_wconf 87' lang='lat' dir='ltr'><strong>deinde</strong></span> <span class='ocrx_word' id='word_1_43' title='bbox 491 1126 566 1170; x_wconf 89' lang='lat' dir='ltr'><strong>cum</strong></span> <span class='ocrx_word' id='word_1_44' title='bbox 584 1105 657 1170; x_wconf 83' lang='lat' dir='ltr'><strong>XVI</strong></span> <span class='ocrx_word' id='word_1_45' title='bbox 678 1104 777 1171; x_wconf 88' lang='lat' dir='ltr'><strong>libros</strong></span> <span class='ocrx_word' id='word_1_46' title='bbox 795 1118 807 1156; x_wconf 90' lang='lat'>²</span> <span class='ocrx_word' id='word_1_47' title='bbox 839 1105 879 1172; x_wconf 87' lang='lat' dir='ltr'><strong>de</strong></span> <span class='ocrx_word' id='word_1_48' title='bbox 898 1105 960 1172; x_wconf 90' lang='lat' dir='ltr'><strong>hoc</strong></span> <span class='ocrx_word' id='word_1_49' title='bbox 988 1122 1174 1198; x_wconf 79' lang='lat' dir='ltr'><strong>argumento</strong></span> <span class='ocrx_word' id='word_1_50' title='bbox 1200 1111 1278 1176; x_wconf 90' lang='lat' dir='ltr'><strong>scri-</strong></span> 
     </span>
     <span class='ocr_line' id='line_1_7' title="bbox 213 1215 1279 1308; baseline 0.008 -28"><span class='ocrx_word' id='word_1_51' title='bbox 213 1215 325 1304; x_wconf 87' lang='lat' dir='ltr'><strong>psisse,</strong></span> <span class='ocrx_word' id='word_1_52' title='bbox 350 1215 436 1281; x_wconf 87' lang='lat' dir='ltr'><strong>haud</strong></span> <span class='ocrx_word' id='word_1_53' title='bbox 455 1216 591 1282; x_wconf 90' lang='lat' dir='ltr'><strong>absurda</strong></span> <span class='ocrx_word' id='word_1_54' title='bbox 612 1230 661 1283; x_wconf 86' lang='lat' dir='ltr'><strong>est</strong></span> <span class='ocrx_word' id='word_1_55' title='bbox 678 1218 774 1308; x_wconf 70' lang='lat' dir='ltr'><strong>igitur</strong></span> <span class='ocrx_word' id='word_1_56' title='bbox 789 1241 858 1284; x_wconf 88' lang='lat' dir='ltr'><strong>mea</strong></span> <span class='ocrx_word' id='word_1_57' title='bbox 874 1221 968 1301; x_wconf 88' lang='lat' dir='ltr'><strong>ratio,</strong></span> <span class='ocrx_word' id='word_1_58' title='bbox 986 1221 1155 1288; x_wconf 88' lang='lat' dir='ltr'><strong>tribuentis</strong></span> <span class='ocrx_word' id='word_1_59' title='bbox 1172 1222 1279 1289; x_wconf 89' lang='lat' dir='ltr'><strong>locum</strong></span> 
     </span>
     <span class='ocr_line' id='line_1_8' title="bbox 213 1327 1281 1409; baseline 0.008 -18"><span class='ocrx_word' id='word_1_60' title='bbox 213 1349 248 1392; x_wconf 85' lang='lat' dir='ltr'><strong>er</strong></span> <span class='ocrx_word' id='word_1_61' title='bbox 271 1327 355 1399; x_wconf 89' lang='lat' dir='ltr'><strong>libro</strong></span> <span class='ocrx_word' id='word_1_62' title='bbox 381 1328 457 1393; x_wconf 76' lang='grc' dir='ltr'><strong>ΧΙΙο</strong></span> <span class='ocrx_word' id='word_1_63' title='bbox 483 1328 575 1394; x_wconf 80' lang='lat' dir='ltr'>Fabii</span> <span class='ocrx_word' id='word_1_64' title='bbox 607 1327 712 1395; x_wconf 85' lang='lat' dir='ltr'><strong>eidem</strong></span> <span class='ocrx_word' id='word_1_65' title='bbox 739 1329 787 1394; x_wconf 92' lang='lat' dir='ltr'><strong>illi</strong></span> <span class='ocrx_word' id='word_1_66' title='bbox 815 1329 947 1409; x_wconf 88' lang='lat' dir='ltr'><strong>Pictori;</strong></span> <span class='ocrx_word' id='word_1_67' title='bbox 975 1330 1169 1398; x_wconf 78' lang='lat' dir='ltr'><strong>Servilianos</strong></span> <span class='ocrx_word' id='word_1_68' title='bbox 1195 1335 1281 1401; x_wconf 89' lang='lat' dir='ltr'><strong>enim</strong></span> 
     </span>
     <span class='ocr_line' id='line_1_9' title="bbox 213 1440 1279 1535; baseline 0.007 -30"><span class='ocrx_word' id='word_1_69' title='bbox 213 1440 352 1506; x_wconf 77' lang='lat' dir='ltr'><strong>Annales</strong></span> <span class='ocrx_word' id='word_1_70' title='bbox 381 1453 507 1507; x_wconf 85' lang='lat' dir='ltr'><strong>tantum</strong></span> <span class='ocrx_word' id='word_1_71' title='bbox 536 1442 697 1532; x_wconf 76' lang='lat' dir='ltr'><strong>scripsisse</strong></span> <span class='ocrx_word' id='word_1_72' title='bbox 724 1443 895 1508; x_wconf 74' lang='lat' dir='ltr'><strong>memoriae</strong></span> <span class='ocrx_word' id='word_1_73' title='bbox 919 1444 1082 1535; x_wconf 87' lang='lat' dir='ltr'><strong>proditum</strong></span> <span class='ocrx_word' id='word_1_74' title='bbox 1106 1458 1170 1527; x_wconf 88' lang='lat' dir='ltr'><strong>est,</strong></span> <span class='ocrx_word' id='word_1_75' title='bbox 1202 1446 1279 1513; x_wconf 87' lang='lat' dir='ltr'><strong>hinc</strong></span> 
     </span>
     <span class='ocr_line' id='line_1_10' title="bbox 211 1553 1278 1650; baseline 0.008 -32"><span class='ocrx_word' id='word_1_76' title='bbox 211 1553 341 1619; x_wconf 88' lang='lat' dir='ltr'><strong>unicum</strong></span> <span class='ocrx_word' id='word_1_77' title='bbox 362 1553 515 1620; x_wconf 87' lang='lat' dir='ltr'><strong>Macrobii</strong></span> <span class='ocrx_word' id='word_1_78' title='bbox 535 1555 753 1621; x_wconf 85' lang='lat' dir='ltr'><strong>testimonium</strong></span> <span class='ocrx_word' id='word_1_79' title='bbox 771 1579 919 1645; x_wconf 85' lang='lat' dir='ltr'><strong>spernere</strong></span> <span class='ocrx_word' id='word_1_80' title='bbox 939 1557 1057 1637; x_wconf 88' lang='lat' dir='ltr'><strong>audeo,</strong></span> <span class='ocrx_word' id='word_1_81' title='bbox 1081 1561 1176 1650; x_wconf 86' lang='lat' dir='ltr'><strong>eique</strong></span> <span class='ocrx_word' id='word_1_82' title='bbox 1192 1583 1278 1628; x_wconf 89' lang='lat' dir='ltr'><strong>erro·</strong></span> 
     </span>
     <span class='ocr_line' id='line_1_11' title="bbox 210 1667 1278 1761; baseline 0.007 -29"><span class='ocrx_word' id='word_1_83' title='bbox 210 1689 276 1732; x_wconf 90' lang='lat' dir='ltr'><strong>rem</strong></span> <span class='ocrx_word' id='word_1_84' title='bbox 295 1667 421 1747; x_wconf 83' lang='lat' dir='ltr'><strong>tribu03</strong></span> <span class='ocrx_word' id='word_1_85' title='bbox 450 1681 555 1758; x_wconf 84' lang='lat' dir='ltr'><strong>posset</strong></span> <span class='ocrx_word' id='word_1_86' title='bbox 576 1668 707 1759; x_wconf 83' lang='lat' dir='ltr'><strong>quidem</strong></span> <span class='ocrx_word' id='word_1_87' title='bbox 727 1668 811 1735; x_wconf 86' lang='lat' dir='ltr'><strong>illud</strong></span> <span class='ocrx_word' id='word_1_88' title='bbox 833 1671 1024 1761; x_wconf 83' lang='lat' dir='ltr'><strong>»pontilcx&#39;&#39;</strong></span> <span class='ocrx_word' id='word_1_89' title='bbox 1045 1696 1063 1737; x_wconf 92' lang='lat' dir='ltr'><strong>a</strong></span> <span class='ocrx_word' id='word_1_90' title='bbox 1083 1673 1220 1740; x_wconf 85' lang='lat' dir='ltr'><strong>librariis</strong></span> <span class='ocrx_word' id='word_1_91' title='bbox 1240 1697 1278 1740; x_wconf 85' lang='lat' dir='ltr'><strong>er</strong></span> 
     </span>
     <span class='ocr_line' id='line_1_12' title="bbox 212 1780 1279 1876; baseline 0.007 -32"><span class='ocrx_word' id='word_1_92' title='bbox 212 1780 428 1871; x_wconf 78' lang='lat' dir='ltr'><strong>&gt;spontifioio&#39;&#39;</strong></span> <span class='ocrx_word' id='word_1_93' title='bbox 437 1802 504 1845; x_wconf 89' lang='lat' dir='ltr'><strong>esse</strong></span> <span class='ocrx_word' id='word_1_94' title='bbox 518 1792 694 1860; x_wconf 90' lang='lat' dir='ltr'><strong>mutatum,</strong></span> <span class='ocrx_word' id='word_1_95' title='bbox 705 1781 760 1846; x_wconf 90' lang='lat' dir='ltr'><strong>sed</strong></span> <span class='ocrx_word' id='word_1_96' title='bbox 773 1793 870 1847; x_wconf 84' lang='lat' dir='ltr'><strong>restat</strong></span> <span class='ocrx_word' id='word_1_97' title='bbox 886 1794 992 1849; x_wconf 91' lang='lat' dir='ltr'><strong>tamen</strong></span> <span class='ocrx_word' id='word_1_98' title='bbox 1009 1784 1076 1851; x_wconf 91' lang='lat' dir='ltr'><strong>eius</strong></span> <span class='ocrx_word' id='word_1_99' title='bbox 1089 1807 1279 1876; x_wconf 74' lang='lat' dir='ltr'><strong>cognomen.</strong></span> 
     </span>
     <span class='ocr_line' id='line_1_13' title="bbox 210 1892 1280 1989; baseline 0.004 -29"><span class='ocrx_word' id='word_1_100' title='bbox 210 1892 278 1960; x_wconf 92' lang='lat' dir='ltr'><strong>Neo</strong></span> <span class='ocrx_word' id='word_1_101' title='bbox 289 1916 370 1983; x_wconf 89' lang='lat' dir='ltr'><strong>opus</strong></span> <span class='ocrx_word' id='word_1_102' title='bbox 388 1915 455 1958; x_wconf 89' lang='lat' dir='ltr'><strong>esse</strong></span> <span class='ocrx_word' id='word_1_103' title='bbox 465 1893 605 1972; x_wconf 85' lang='lat' dir='ltr'><strong>ridetur,</strong></span> <span class='ocrx_word' id='word_1_104' title='bbox 623 1906 658 1960; x_wconf 89' lang='lat' dir='ltr'><strong>ut</strong></span> <span class='ocrx_word' id='word_1_105' title='bbox 673 1905 847 1961; x_wconf 74' lang='lat' dir='ltr'><strong>statuamus</strong></span> <span class='ocrx_word' id='word_1_106' title='bbox 867 1917 956 1976; x_wconf 83' lang='lat' dir='ltr'><strong>conr,</strong></span> <span class='ocrx_word' id='word_1_107' title='bbox 976 1896 1090 1987; x_wconf 87' lang='lat' dir='ltr'><strong>quide</strong></span> <span class='ocrx_word' id='word_1_108' title='bbox 1109 1898 1177 1963; x_wconf 89' lang='lat' dir='ltr'><strong>inre</strong></span> <span class='ocrx_word' id='word_1_109' title='bbox 1195 1922 1280 1989; x_wconf 84' lang='lat' dir='ltr'><strong>pon·</strong></span> 
     </span>
     <span class='ocr_line' id='line_1_14' title="bbox 210 2005 1280 2101; baseline 0.005 -29"><span class='ocrx_word' id='word_1_110' title='bbox 210 2006 310 2072; x_wconf 83' lang='lat' dir='ltr'><strong>tilleio</strong></span> <span class='ocrx_word' id='word_1_111' title='bbox 330 2006 506 2096; x_wconf 81' lang='lat' dir='ltr'><strong>scripserit,</strong></span> <span class='ocrx_word' id='word_1_112' title='bbox 531 2005 592 2073; x_wconf 89' lang='lat' dir='ltr'><strong>hoo</strong></span> <span class='ocrx_word' id='word_1_113' title='bbox 610 2007 788 2073; x_wconf 85' lang='lat' dir='ltr'><strong>sacerdotio</strong></span> <span class='ocrx_word' id='word_1_114' title='bbox 803 2008 952 2074; x_wconf 79' lang='lat' dir='ltr'><strong>functum</strong></span> <span class='ocrx_word' id='word_1_115' title='bbox 973 2032 1057 2088; x_wconf 88' lang='lat' dir='ltr'><strong>esse,</strong></span> <span class='ocrx_word' id='word_1_116' title='bbox 1088 2010 1175 2100; x_wconf 86' lang='lat' dir='ltr'><strong>quod</strong></span> <span class='ocrx_word' id='word_1_117' title='bbox 1204 2034 1280 2101; x_wconf 89' lang='lat' dir='ltr'><strong>pro·</strong></span> 
     </span>
     <span class='ocr_line' id='line_1_15' title="bbox 209 2119 1278 2211; baseline 0.004 -25"><span class='ocrx_word' id='word_1_118' title='bbox 209 2133 281 2211; x_wconf 85' lang='lat' dir='ltr'><strong>pter</strong></span> <span class='ocrx_word' id='word_1_119' title='bbox 296 2119 357 2186; x_wconf 82' lang='lat' dir='ltr'><strong>ltoo</strong></span> <span class='ocrx_word' id='word_1_120' title='bbox 377 2132 558 2209; x_wconf 88' lang='lat' dir='ltr'><strong>suspectum</strong></span> <span class='ocrx_word' id='word_1_121' title='bbox 572 2119 726 2187; x_wconf 84' lang='lat' dir='ltr'><strong>Macrobii</strong></span> <span class='ocrx_word' id='word_1_122' title='bbox 740 2121 959 2187; x_wconf 90' lang='lat' dir='ltr'><strong>testimonium</strong></span> <span class='ocrx_word' id='word_1_123' title='bbox 971 2122 1148 2188; x_wconf 88' lang='lat' dir='ltr'><strong>llarlessius</strong></span> <span class='ocrx_word' id='word_1_124' title='bbox 1161 2134 1173 2173; x_wconf 80' lang='lat'>³</span> <span class='ocrx_word' id='word_1_125' title='bbox 1188 2124 1278 2204; x_wconf 86' lang='lat' dir='ltr'><strong>lecit,</strong></span> 
     </span>
     <span class='ocr_line' id='line_1_16' title="bbox 211 2233 1279 2327; baseline 0.004 -29"><span class='ocrx_word' id='word_1_126' title='bbox 211 2234 266 2324; x_wconf 89' lang='lat' dir='ltr'><strong>qui</strong></span> <span class='ocrx_word' id='word_1_127' title='bbox 288 2234 339 2298; x_wconf 85' lang='lat' dir='ltr'><strong>rel</strong></span> <span class='ocrx_word' id='word_1_128' title='bbox 365 2256 402 2299; x_wconf 88' lang='lat' dir='ltr'><strong>eo</strong></span> <span class='ocrx_word' id='word_1_129' title='bbox 423 2233 584 2324; x_wconf 85' lang='lat' dir='ltr'><strong>procedit,</strong></span> <span class='ocrx_word' id='word_1_130' title='bbox 612 2234 741 2299; x_wconf 84' lang='lat' dir='ltr'><strong>atinde</strong></span> <span class='ocrx_word' id='word_1_131' title='bbox 761 2233 928 2299; x_wconf 79' lang='lat' dir='ltr'><strong>deduxerit</strong></span> <span class='ocrx_word' id='word_1_132' title='bbox 962 2234 999 2317; x_wconf 79' lang='lat' dir='ltr'><strong>Q.</strong></span> <span class='ocrx_word' id='word_1_133' title='bbox 1022 2234 1200 2315; x_wconf 87' lang='lat' dir='ltr'><strong>Pictorem,</strong></span> <span class='ocrx_word' id='word_1_134' title='bbox 1222 2239 1279 2327; x_wconf 90' lang='lat' dir='ltr'><strong>qui</strong></span> 
     </span>
     <span class='ocr_line' id='line_1_17' title="bbox 210 2345 1280 2439; baseline 0.003 -26"><span class='ocrx_word' id='word_1_135' title='bbox 210 2347 317 2413; x_wconf 87' lang='lat' dir='ltr'><strong>eidem</strong></span> <span class='ocrx_word' id='word_1_136' title='bbox 337 2358 450 2413; x_wconf 88' lang='lat' dir='ltr'><strong>auctor</strong></span> <span class='ocrx_word' id='word_1_137' title='bbox 464 2346 622 2413; x_wconf 86' lang='lat' dir='ltr'><strong>librorum</strong></span> <span class='ocrx_word' id='word_1_138' title='bbox 643 2347 721 2412; x_wconf 89' lang='lat' dir='ltr'><strong>iuris</strong></span> <span class='ocrx_word' id='word_1_139' title='bbox 737 2346 897 2436; x_wconf 86' lang='lat' dir='ltr'><strong>pontificii</strong></span> <span class='ocrx_word' id='word_1_140' title='bbox 913 2345 1053 2426; x_wconf 84' lang='lat' dir='ltr'><strong>ridetur,</strong></span> <span class='ocrx_word' id='word_1_141' title='bbox 1072 2346 1135 2413; x_wconf 90' lang='lat' dir='ltr'><strong>hoc</strong></span> <span class='ocrx_word' id='word_1_142' title='bbox 1151 2351 1280 2439; x_wconf 78' lang='lat' dir='ltr'><strong>gessisse</strong></span> 
     </span>
     <span class='ocr_line' id='line_1_18' title="bbox 209 2459 1279 2551; baseline 0 -24"><span class='ocrx_word' id='word_1_143' title='bbox 209 2459 437 2539; x_wconf 84' lang='lat' dir='ltr'><strong>sacerdotium,</strong></span> <span class='ocrx_word' id='word_1_144' title='bbox 453 2482 549 2550; x_wconf 88' lang='lat' dir='ltr'><strong>quam</strong></span> <span class='ocrx_word' id='word_1_145' title='bbox 572 2482 737 2527; x_wconf 88' lang='lat' dir='ltr'><strong>erroneam</strong></span> <span class='ocrx_word' id='word_1_146' title='bbox 762 2460 944 2551; x_wconf 87' lang='lat' dir='ltr'><strong>opinionem</strong></span> <span class='ocrx_word' id='word_1_147' title='bbox 967 2460 1114 2526; x_wconf 84' lang='lat' dir='ltr'><strong>refellere</strong></span> <span class='ocrx_word' id='word_1_148' title='bbox 1131 2462 1184 2526; x_wconf 84' lang='lat' dir='ltr'><strong>rix</strong></span> <span class='ocrx_word' id='word_1_149' title='bbox 1204 2463 1279 2527; x_wconf 89' lang='lat' dir='ltr'><strong>atti-</strong></span> 
     </span>
     <span class='ocr_line' id='line_1_19' title="bbox 209 2571 1280 2663; baseline 0.005 -25"><span class='ocrx_word' id='word_1_150' title='bbox 209 2586 278 2652; x_wconf 88' lang='lat' dir='ltr'><strong>net,</strong></span> <span class='ocrx_word' id='word_1_151' title='bbox 297 2574 322 2639; x_wconf 89' lang='lat' dir='ltr'><strong>si</strong></span> <span class='ocrx_word' id='word_1_152' title='bbox 334 2571 463 2663; x_wconf 90' lang='lat' dir='ltr'><strong>quidem</strong></span> <span class='ocrx_word' id='word_1_153' title='bbox 477 2571 621 2639; x_wconf 83' lang='lat' dir='ltr'><strong>Serrium</strong></span> <span class='ocrx_word' id='word_1_154' title='bbox 635 2595 745 2638; x_wconf 92' lang='lat' dir='ltr'><strong>eorum</strong></span> <span class='ocrx_word' id='word_1_155' title='bbox 759 2585 921 2639; x_wconf 85' lang='lat' dir='ltr'><strong>auctorem</strong></span> <span class='ocrx_word' id='word_1_156' title='bbox 933 2573 1029 2639; x_wconf 89' lang='lat' dir='ltr'><strong>fuisse</strong></span> <span class='ocrx_word' id='word_1_157' title='bbox 1043 2573 1280 2643; x_wconf 81' lang='lat' dir='ltr'><strong>vindicaverim.</strong></span> 
     </span>
    </p>

    <p class='ocr_par' dir='ltr' id='par_1_3' title="bbox 208 2685 1280 3204">
     <span class='ocr_line' id='line_1_20' title="bbox 256 2685 1280 2775; baseline 0.003 -24"><span class='ocrx_word' id='word_1_158' title='bbox 256 2685 340 2770; x_wconf 81' lang='lat' dir='ltr'><strong>Quid</strong></span> <span class='ocrx_word' id='word_1_159' title='bbox 350 2687 392 2751; x_wconf 88' lang='lat' dir='ltr'><strong>sit</strong></span> <span class='ocrx_word' id='word_1_160' title='bbox 413 2685 496 2752; x_wconf 85' lang='lat' dir='ltr'><strong>illud</strong></span> <span class='ocrx_word' id='word_1_161' title='bbox 519 2689 732 2775; x_wconf 81' lang='lat' dir='ltr'><strong>»parentare&#39;&#39;</strong></span> <span class='ocrx_word' id='word_1_162' title='bbox 760 2685 856 2753; x_wconf 78' lang='lat' dir='ltr'><strong>verbo</strong></span> <span class='ocrx_word' id='word_1_163' title='bbox 877 2686 997 2766; x_wconf 84' lang='lat' dir='ltr'><strong>dicam3</strong></span> <span class='ocrx_word' id='word_1_164' title='bbox 1021 2699 1068 2752; x_wconf 84' lang='lat' dir='ltr'><strong>est</strong></span> <span class='ocrx_word' id='word_1_165' title='bbox 1088 2686 1280 2754; x_wconf 87' lang='lat' dir='ltr'><strong>sacrificium</strong></span> 
     </span>
     <span class='ocr_line' id='line_1_21' title="bbox 210 2798 1280 2892; baseline 0.003 -29"><span class='ocrx_word' id='word_1_166' title='bbox 210 2799 244 2864; x_wconf 90' lang='lat' dir='ltr'><strong>in</strong></span> <span class='ocrx_word' id='word_1_167' title='bbox 264 2798 505 2865; x_wconf 85' lang='lat' dir='ltr'><strong>demortuorum</strong></span> <span class='ocrx_word' id='word_1_168' title='bbox 523 2800 730 2877; x_wconf 84' lang='lat' dir='ltr'><strong>memoriam,</strong></span> <span class='ocrx_word' id='word_1_169' title='bbox 754 2799 898 2866; x_wconf 87' lang='lat' dir='ltr'><strong>funebris</strong></span> <span class='ocrx_word' id='word_1_170' title='bbox 919 2799 1062 2867; x_wconf 87' lang='lat' dir='ltr'><strong>laudatio</strong></span> <span class='ocrx_word' id='word_1_171' title='bbox 1083 2812 1180 2891; x_wconf 88' lang='lat' dir='ltr'><strong>atque</strong></span> <span class='ocrx_word' id='word_1_172' title='bbox 1199 2824 1280 2892; x_wconf 88' lang='lat' dir='ltr'><strong>epo·</strong></span> 
     </span>
     <span class='ocr_line' id='line_1_22' title="bbox 209 2911 1278 3005; baseline 0.001 -28"><span class='ocrx_word' id='word_1_173' title='bbox 209 2912 276 2989; x_wconf 87' lang='lat' dir='ltr'><strong>lae,</strong></span> <span class='ocrx_word' id='word_1_174' title='bbox 300 2934 382 3001; x_wconf 88' lang='lat' dir='ltr'><strong>quae</strong></span> <span class='ocrx_word' id='word_1_175' title='bbox 401 2913 483 2977; x_wconf 90' lang='lat' dir='ltr'><strong>iusta</strong></span> <span class='ocrx_word' id='word_1_176' title='bbox 500 2913 672 3002; x_wconf 86' lang='lat' dir='ltr'><strong>quotannis</strong></span> <span class='ocrx_word' id='word_1_177' title='bbox 692 2911 731 2977; x_wconf 90' lang='lat' dir='ltr'><strong>ad</strong></span> <span class='ocrx_word' id='word_1_178' title='bbox 752 2913 936 3003; x_wconf 89' lang='lat' dir='ltr'><strong>sepulcrum</strong></span> <span class='ocrx_word' id='word_1_179' title='bbox 957 2913 1119 2980; x_wconf 81' lang='lat' dir='ltr'><strong>faciebant</strong></span> <span class='ocrx_word' id='word_1_180' title='bbox 1136 2914 1278 3005; x_wconf 78' lang='lat' dir='ltr'><strong>cognati3</strong></span> 
     </span>
     <span class='ocr_line' id='line_1_23' title="bbox 208 3024 1279 3105; baseline 0.004 -15"><span class='ocrx_word' id='word_1_181' title='bbox 208 3024 262 3090; x_wconf 86' lang='lat' dir='ltr'><strong>hic</strong></span> <span class='ocrx_word' id='word_1_182' title='bbox 282 3048 351 3091; x_wconf 89' lang='lat' dir='ltr'><strong>mos</strong></span> <span class='ocrx_word' id='word_1_183' title='bbox 370 3050 388 3090; x_wconf 90' lang='lat' dir='ltr'><strong>a</strong></span> <span class='ocrx_word' id='word_1_184' title='bbox 408 3024 513 3093; x_wconf 88' lang='lat' dir='ltr'><strong>Numa</strong></span> <span class='ocrx_word' id='word_1_185' title='bbox 533 3026 636 3092; x_wconf 80' lang='lat' dir='ltr'><strong>fertur</strong></span> <span class='ocrx_word' id='word_1_186' title='bbox 657 3026 836 3105; x_wconf 87' lang='lat' dir='ltr'><strong>institutus,</strong></span> <span class='ocrx_word' id='word_1_187' title='bbox 854 3026 915 3092; x_wconf 91' lang='lat' dir='ltr'><strong>nisi</strong></span> <span class='ocrx_word' id='word_1_188' title='bbox 937 3026 1085 3094; x_wconf 73' lang='lat' dir='ltr'><strong>leneas⁴</strong></span> <span class='ocrx_word' id='word_1_189' title='bbox 1110 3029 1173 3094; x_wconf 90' lang='lat' dir='ltr'><strong>iam</strong></span> <span class='ocrx_word' id='word_1_190' title='bbox 1202 3051 1279 3095; x_wconf 78' lang='lat' dir='ltr'><strong>auc·</strong></span> 
     </span>
     <span class='ocr_line' id='line_1_24' title="bbox 209 3136 473 3204; baseline -0.015 0"><span class='ocrx_word' id='word_1_191' title='bbox 209 3151 261 3204; x_wconf 88' lang='lat' dir='ltr'><strong>tor</strong></span> <span class='ocrx_word' id='word_1_192' title='bbox 278 3136 347 3203; x_wconf 86' lang='lat' dir='ltr'><strong>eius</strong></span> <span class='ocrx_word' id='word_1_193' title='bbox 366 3136 473 3201; x_wconf 85' lang='lat' dir='ltr'><strong>fuerit.</strong></span> 
     </span>
    </p>
   </div>
   <div class='ocr_carea' id='block_1_3' title="bbox 177 3360 1277 4243">
    <p class='ocr_par' dir='ltr' id='par_1_4' title="bbox 205 3360 1277 3791">
     <span class='ocr_line' id='line_1_25' title="bbox 205 3360 1277 3451; baseline 0.006 -24"><span class='ocrx_word' id='word_1_194' title='bbox 205 3360 261 3428; x_wconf 53' lang='grc' dir='ltr'><strong>ΝΟ.</strong></span> <span class='ocrx_word' id='word_1_195' title='bbox 295 3362 364 3429; x_wconf 77' lang='lat' dir='ltr'><strong>Vll.</strong></span> <span class='ocrx_word' id='word_1_196' title='bbox 410 3361 605 3450; x_wconf 75' lang='lat' dir='ltr'><strong>Polybrum,</strong></span> <span class='ocrx_word' id='word_1_197' title='bbox 628 3361 716 3451; x_wconf 88' lang='lat' dir='ltr'><strong>quod</strong></span> <span class='ocrx_word' id='word_1_198' title='bbox 745 3362 858 3429; x_wconf 87' lang='lat' dir='ltr'><strong>Graeci</strong></span> <span class='ocrx_word' id='word_1_199' title='bbox 876 3362 1029 3445; x_wconf 63' lang='grc' dir='ltr'><strong>χέρνιβα,</strong></span> <span class='ocrx_word' id='word_1_200' title='bbox 1060 3368 1277 3433; x_wconf 73' lang='lat' dir='ltr'><strong>nostratium</strong></span> 
     </span>
     <span class='ocr_line' id='line_1_26' title="bbox 300 3471 1276 3566; baseline 0.01 -30"><span class='ocrx_word' id='word_1_201' title='bbox 300 3494 457 3541; x_wconf 75' lang='lat' dir='ltr'><strong>vocamus.</strong></span> <span class='ocrx_word' id='word_1_202' title='bbox 491 3471 608 3539; x_wconf 80' lang='lat' dir='ltr'><strong>Fabius</strong></span> <span class='ocrx_word' id='word_1_203' title='bbox 628 3472 736 3539; x_wconf 85' lang='lat' dir='ltr'><strong>Pictor</strong></span> <span class='ocrx_word' id='word_1_204' title='bbox 755 3474 840 3540; x_wconf 93' lang='lat' dir='ltr'><strong>libro</strong></span> <span class='ocrx_word' id='word_1_205' title='bbox 864 3473 972 3539; x_wconf 67' lang='lat' dir='ltr'><strong>xre:</strong></span> <span class='ocrx_word' id='word_1_206' title='bbox 1003 3498 1149 3566; x_wconf 84' lang='lat' dir='ltr'><strong>»aquam</strong></span> <span class='ocrx_word' id='word_1_207' title='bbox 1170 3481 1276 3546; x_wconf 80' lang='lat' dir='ltr'><strong>mani·</strong></span> 
     </span>
     <span class='ocr_line' id='line_1_27' title="bbox 298 3584 1274 3676; baseline 0.01 -26"><span class='ocrx_word' id='word_1_208' title='bbox 298 3585 357 3650; x_wconf 90' lang='lat' dir='ltr'><strong>bus</strong></span> <span class='ocrx_word' id='word_1_209' title='bbox 366 3584 568 3676; x_wconf 89' lang='lat' dir='ltr'><strong>pedibusque</strong></span> <span class='ocrx_word' id='word_1_210' title='bbox 588 3584 679 3665; x_wconf 88' lang='lat' dir='ltr'><strong>dato,</strong></span> <span class='ocrx_word' id='word_1_211' title='bbox 697 3585 871 3676; x_wconf 75' lang='lat' dir='ltr'><strong>polybrum</strong></span> <span class='ocrx_word' id='word_1_212' title='bbox 891 3587 1015 3655; x_wconf 87' lang='lat' dir='ltr'><strong>sinistra</strong></span> <span class='ocrx_word' id='word_1_213' title='bbox 1034 3613 1132 3655; x_wconf 89' lang='lat' dir='ltr'><strong>manu</strong></span> <span class='ocrx_word' id='word_1_214' title='bbox 1153 3603 1274 3673; x_wconf 87' lang='lat' dir='ltr'><strong>teneto,</strong></span> 
     </span>
     <span class='ocr_line' id='line_1_28' title="bbox 298 3698 802 3791; baseline -0.002 -26"><span class='ocrx_word' id='word_1_215' title='bbox 298 3698 407 3765; x_wconf 85' lang='lat' dir='ltr'><strong>dextra</strong></span> <span class='ocrx_word' id='word_1_216' title='bbox 433 3722 540 3765; x_wconf 84' lang='lat' dir='ltr'><strong>rasum</strong></span> <span class='ocrx_word' id='word_1_217' title='bbox 563 3722 636 3765; x_wconf 90' lang='lat' dir='ltr'><strong>curn</strong></span> <span class='ocrx_word' id='word_1_218' title='bbox 662 3722 744 3791; x_wconf 85' lang='lat' dir='ltr'><strong>aqua</strong></span> <span class='ocrx_word' id='word_1_219' title='bbox 758 3704 802 3765; x_wconf 58' lang='grc' dir='ltr'><strong>ὅθ’</strong></span> 
     </span>
    </p>

    <p class='ocr_par' dir='ltr' id='par_1_5' title="bbox 251 3810 1272 3905">
     <span class='ocr_line' id='line_1_29' title="bbox 251 3810 1272 3905; baseline 0.009 -28"><span class='ocrx_word' id='word_1_220' title='bbox 251 3810 403 3905; x_wconf 88' lang='lat' dir='ltr'><strong>Suspicor</strong></span> <span class='ocrx_word' id='word_1_221' title='bbox 431 3812 492 3878; x_wconf 89' lang='lat' dir='ltr'><strong>hoc</strong></span> <span class='ocrx_word' id='word_1_222' title='bbox 523 3813 595 3883; x_wconf 88' lang='lat' dir='ltr'><strong>loco</strong></span> <span class='ocrx_word' id='word_1_223' title='bbox 623 3811 795 3903; x_wconf 77' lang='lat' dir='ltr'><strong>legendum</strong></span> <span class='ocrx_word' id='word_1_224' title='bbox 817 3836 883 3880; x_wconf 88' lang='lat' dir='ltr'><strong>esse</strong></span> <span class='ocrx_word' id='word_1_225' title='bbox 904 3816 1078 3894; x_wconf 82' lang='lat' dir='ltr'><strong>trulleum,</strong></span> <span class='ocrx_word' id='word_1_226' title='bbox 1109 3829 1142 3882; x_wconf 95' lang='lat' dir='ltr'><strong>ut</strong></span> <span class='ocrx_word' id='word_1_227' title='bbox 1163 3828 1272 3886; x_wconf 75' lang='lat' dir='ltr'><strong>morl</strong></span> 
     </span>
    </p>

    <p class='ocr_par' dir='ltr' id='par_1_6' title="bbox 207 3923 1272 4024">
     <span class='ocr_line' id='line_1_30' title="bbox 207 3923 1272 4024; baseline 0.007 -34"><span class='ocrx_word' id='word_1_228' title='bbox 207 3923 329 3991; x_wconf 88' lang='lat' dir='ltr'><strong>Nonius</strong></span> <span class='ocrx_word' id='word_1_229' title='bbox 348 3926 396 3992; x_wconf 88' lang='lat' dir='ltr'><strong>bis</strong></span> <span class='ocrx_word' id='word_1_230' title='bbox 418 3926 558 4015; x_wconf 87' lang='lat' dir='ltr'><strong>scripsit;</strong></span> <span class='ocrx_word' id='word_1_231' title='bbox 577 3938 625 3993; x_wconf 87' lang='lat' dir='ltr'><strong>est</strong></span> <span class='ocrx_word' id='word_1_232' title='bbox 645 3949 697 3992; x_wconf 80' lang='lat' dir='ltr'><strong>vas</strong></span> <span class='ocrx_word' id='word_1_233' title='bbox 713 3949 778 4017; x_wconf 86' lang='lat' dir='ltr'><strong>quo</strong></span> <span class='ocrx_word' id='word_1_234' title='bbox 796 3949 909 3993; x_wconf 89' lang='lat' dir='ltr'><strong>manus</strong></span> <span class='ocrx_word' id='word_1_235' title='bbox 925 3929 1127 4018; x_wconf 88' lang='lat' dir='ltr'><strong>perluuntur.</strong></span> <span class='ocrx_word' id='word_1_236' title='bbox 1163 3932 1272 4024; x_wconf 74' lang='lat' dir='ltr'><strong>Appa-</strong></span> 
     </span>
    </p>

    <p class='ocr_par' dir='ltr' id='par_1_7' title="bbox 177 4038 1272 4243">
     <span class='ocr_line' id='line_1_31' title="bbox 177 4038 1272 4135; baseline 0.008 -33"><span class='ocrx_word' id='word_1_237' title='bbox 177 4050 254 4111; x_wconf 67' lang='grc' dir='ltr'><strong>,πεῖ</strong></span> <span class='ocrx_word' id='word_1_238' title='bbox 273 4062 309 4107; x_wconf 83' lang='lat' dir='ltr'><strong>er</strong></span> <span class='ocrx_word' id='word_1_239' title='bbox 328 4040 396 4128; x_wconf 90' lang='lat' dir='ltr'><strong>ipso</strong></span> <span class='ocrx_word' id='word_1_240' title='bbox 415 4051 602 4129; x_wconf 82' lang='lat' dir='ltr'><strong>argumento</strong></span> <span class='ocrx_word' id='word_1_241' title='bbox 620 4038 737 4106; x_wconf 88' lang='lat' dir='ltr'><strong>librum</strong></span> <span class='ocrx_word' id='word_1_242' title='bbox 750 4038 843 4104; x_wconf 88' lang='lat' dir='ltr'><strong>illum</strong></span> <span class='ocrx_word' id='word_1_243' title='bbox 864 4039 940 4106; x_wconf 76' lang='lat' dir='ltr'><strong>XVI</strong></span> <span class='ocrx_word' id='word_1_244' title='bbox 950 4041 990 4107; x_wconf 91' lang='lat' dir='ltr'><strong>ad</strong></span> <span class='ocrx_word' id='word_1_245' title='bbox 1012 4064 1091 4133; x_wconf 89' lang='lat' dir='ltr'><strong>opus</strong></span> <span class='ocrx_word' id='word_1_246' title='bbox 1112 4046 1272 4135; x_wconf 87' lang='lat' dir='ltr'><strong>pontificii</strong></span> 
     </span>
     <span class='ocr_line' id='line_1_32' title="bbox 192 4149 704 4243; baseline 0.012 -31"><span class='ocrx_word' id='word_1_247' title='bbox 192 4149 296 4229; x_wconf 79' lang='lat' dir='ltr'><strong>iuris,</strong></span> <span class='ocrx_word' id='word_1_248' title='bbox 322 4164 357 4216; x_wconf 91' lang='lat' dir='ltr'><strong>ut</strong></span> <span class='ocrx_word' id='word_1_249' title='bbox 379 4152 510 4231; x_wconf 89' lang='lat' dir='ltr'><strong>dicunt,</strong></span> <span class='ocrx_word' id='word_1_250' title='bbox 533 4153 704 4243; x_wconf 87' lang='lat' dir='ltr'><strong>pertinere.</strong></span> 
     </span>
    </p>
   </div>
   <div class='ocr_carea' id='block_1_4' title="bbox 197 4427 1277 4665">
    <p class='ocr_par' dir='ltr' id='par_1_8' title="bbox 197 4427 1277 4665">
     <span class='ocr_line' id='line_1_33' title="bbox 235 4427 1277 4502; baseline 0.003 -20"><span class='ocrx_word' id='word_1_251' title='bbox 235 4428 255 4497; x_wconf 73' lang='lat'><strong>¹)</strong></span> <span class='ocrx_word' id='word_1_252' title='bbox 272 4430 310 4482; x_wconf 86' lang='lat' dir='ltr'><strong>Ct.</strong></span> <span class='ocrx_word' id='word_1_253' title='bbox 328 4432 417 4496; x_wconf 79' lang='lat' dir='ltr'><strong>fragm.</strong></span> <span class='ocrx_word' id='word_1_254' title='bbox 443 4434 491 4494; x_wconf 88' lang='lat' dir='ltr'><strong>1v,</strong></span> <span class='ocrx_word' id='word_1_255' title='bbox 510 4434 543 4483; x_wconf 87' lang='lat' dir='ltr'><strong>V.</strong></span> <span class='ocrx_word' id='word_1_256' title='bbox 606 4429 627 4499; x_wconf 72' lang='lat' dir='ltr'><strong>’l</strong></span> <span class='ocrx_word' id='word_1_257' title='bbox 644 4431 683 4484; x_wconf 84' lang='lat' dir='ltr'><strong>Cl.</strong></span> <span class='ocrx_word' id='word_1_258' title='bbox 708 4433 797 4496; x_wconf 80' lang='lat' dir='ltr'><strong>fragm.</strong></span> <span class='ocrx_word' id='word_1_259' title='bbox 815 4433 879 4484; x_wconf 87' lang='lat' dir='ltr'>VII.</span> <span class='ocrx_word' id='word_1_260' title='bbox 941 4427 961 4493; x_wconf 71' lang='lat'><strong>³)</strong></span> <span class='ocrx_word' id='word_1_261' title='bbox 978 4431 1041 4496; x_wconf 82' lang='lat' dir='ltr'><strong>Peg.</strong></span> <span class='ocrx_word' id='word_1_262' title='bbox 1066 4439 1104 4483; x_wconf 82' lang='lat'><strong>12.</strong></span> <span class='ocrx_word' id='word_1_263' title='bbox 1164 4433 1277 4502; x_wconf 77' lang='lat' dir='ltr'><strong>⁴l0r1d.</strong></span> 
     </span>
     <span class='ocr_line' id='line_1_34' title="bbox 197 4513 1109 4586; baseline 0.004 -23"><span class='ocrx_word' id='word_1_264' title='bbox 197 4513 269 4565; x_wconf 81' lang='lat' dir='ltr'><strong>Fost.</strong></span> <span class='ocrx_word' id='word_1_265' title='bbox 288 4518 324 4567; x_wconf 92' lang='lat'><strong>11.</strong></span> <span class='ocrx_word' id='word_1_266' title='bbox 344 4521 404 4569; x_wconf 77' lang='grc'><strong>543.</strong></span> <span class='ocrx_word' id='word_1_267' title='bbox 458 4515 478 4586; x_wconf 74' lang='lat'><strong>⁵]</strong></span> <span class='ocrx_word' id='word_1_268' title='bbox 496 4519 563 4571; x_wconf 86' lang='lat' dir='ltr'><strong>Non.</strong></span> <span class='ocrx_word' id='word_1_269' title='bbox 582 4534 606 4570; x_wconf 80' lang='lat' dir='ltr'><strong>r.</strong></span> <span class='ocrx_word' id='word_1_270' title='bbox 626 4516 756 4584; x_wconf 70' lang='lat' dir='ltr'><strong>Polybiane</strong></span> <span class='ocrx_word' id='word_1_271' title='bbox 773 4533 797 4583; x_wconf 90' lang='lat' dir='ltr'><strong>p.</strong></span> <span class='ocrx_word' id='word_1_272' title='bbox 816 4521 876 4571; x_wconf 76' lang='lat'><strong>³73.</strong></span> <span class='ocrx_word' id='word_1_273' title='bbox 929 4514 950 4585; x_wconf 69' lang='lat'><strong>⁶}</strong></span> <span class='ocrx_word' id='word_1_274' title='bbox 968 4518 1031 4582; x_wconf 78' lang='lat' dir='ltr'><strong>Peg.</strong></span> <span class='ocrx_word' id='word_1_275' title='bbox 1048 4524 1109 4571; x_wconf 81' lang='lat'><strong>375.</strong></span> 
     </span>
     <span class='ocr_line' id='line_1_35' title="bbox 1096 4606 1135 4665; baseline 0 0"><span class='ocrx_word' id='word_1_276' title='bbox 1096 4606 1135 4665; x_wconf 82' lang='lat'><strong>14</strong></span> 
     </span>
    </p>
   </div>
   <div class='ocr_carea' id='block_1_5' title="bbox 0 0 1610 5294">
    <p class='ocr_par' dir='ltr' id='par_1_9' title="bbox 0 0 1610 5294">
     <span class='ocr_line' id='line_1_36' title="bbox 0 0 1610 5294; baseline 0 4"><span class='ocrx_word' id='word_1_277' title='bbox 0 0 1610 5294; x_wconf 95' lang='lat' dir='ltr'><strong> </strong></span> 
     </span>
    </p>
   </div>
  </div>
 </body>
</html>
