3190 5304
464 434 485 517 §
506 436 535 499 8.
555 453 705 499 merctur.
724 436 746 518 ς
767 437 796 499 9.
818 455 922 501 nurui.
1173 437 1233 502 ⁴19

164 633 254 699 affert
284 631 429 722 exempla
456 653 586 711 eorum,
617 630 674 723 qui
701 630 808 699 studio
835 631 975 724 partium
999 633 1104 702 solum
1124 646 1229 703 uerte·

160 758 236 812 runt
255 756 328 837 post
347 744 581 835 magistratum,
605 743 728 836 Rupilii
745 767 842 835 gener
862 758 972 813 contra
990 747 1137 814 tribunus
1155 758 1229 815 tan-

162 871 231 929 tum
265 859 329 925 arci
364 869 510 949 praeerat
534 869 590 923 aut
623 858 760 947 legatus,
795 860 852 950 qui
881 861 1086 929 iustissimam
1115 862 1227 952 effugit

161 994 299 1064 poenam
328 994 392 1038 noo
417 995 434 1038 a
461 970 606 1063 partibus
626 970 809 1054 damnatum
836 972 953 1041 deinde
971 998 1036 1040 non
1055 975 1088 1041 in
1107 974 1228 1041 indicio

162 1085 330 1151 damnatus
350 1095 397 1151 est
414 1084 512 1174 gener
529 1084 600 1164 ille,
620 1085 710 1151 cuius
727 1085 774 1152 rei
793 1087 930 1179 exempli
948 1088 1123 1153 loooaffert
1138 1089 1228 1167 istos3

161 1210 231 1265 tum
260 1196 346 1264 cadit
372 1196 510 1263 alterurn
537 1196 684 1264 exsilium
714 1202 758 1265 30
782 1200 873 1267 annis
897 1213 972 1268 ante
992 1201 1132 1280 Eburni,
1164 1200 1229 1266 hoo

160 1312 259 1402 igitur
285 1311 437 1377 Romanis
465 1310 571 1376 notius
598 1322 686 1391 erat3
716 1310 855 1403 denique
881 1313 966 1380 cadit
994 1313 1119 1379 liburni
1145 1324 1231 1380 aetas

160 1426 245 1491 inter
265 1427 331 1490 644
350 1433 382 1489 et
403 1426 485 1505 634,
510 1447 548 1489 er
568 1446 632 1514 quo
652 1425 755 1516 spatio
776 1424 888 1492 Cicero
906 1426 1050 1516 exempla
1071 1427 1170 1493 affert.

207 1534 444 1605 Freinshemius
477 1549 488 1589 ¹
528 1537 664 1602 Fabium
696 1550 840 1604 nostrum
872 1538 1043 1606 Nuceriam
1075 1540 1233 1605 exsulasse

162 1651 291 1732 scribit,
315 1648 401 1716 haud
423 1649 488 1715 soio
510 1673 550 1715 an
567 1660 668 1728 reete,
693 1672 764 1716 nam
782 1652 871 1718 locus
885 1652 942 1718 ille
958 1651 1084 1718 nonnisi
1104 1652 1140 1737 Q.
1153 1650 1233 1719 Phi·

162 1765 290 1856 lippum
311 1762 457 1854 respicit,
480 1762 612 1853 opinor,
635 1785 700 1829 uon
721 1763 857 1831 Fabium
876 1787 936 1831 nec
957 1764 1144 1832 Laenatem.

565 1945 582 2028 §
607 1948 638 2011 9.
683 1944 829 2011 Nummi.

207 2100 223 2166 Ι
244 2112 269 2168 ².
303 2100 407 2192 Caput
427 2100 548 2168 Romae
565 2101 723 2191 galeatum
740 2123 812 2167 oum
832 2112 908 2167 nota
927 2100 1066 2181 denarii,
1093 2102 1231 2190 Quintus

162 2214 375 2292 MAerus,
399 2235 484 2302 pone
507 2212 660 2280 ROMA.

210 2324 429 2414 Cornucopiae
450 2344 522 2388 cum
554 2322 690 2389 fulmine
719 2345 778 2414 per
799 2334 1027 2403 transuersum,
1051 2345 1169 2391 corona
1194 2349 1232 2392 ex

161 2439 276 2531 palmis
297 2437 444 2503 laureatis
465 2448 496 2502 et
515 2435 684 2525 glandibus
708 2435 865 2525 auspicis.

208 2547 240 2614 ΙΙ
263 2563 287 2615 ³.
334 2548 437 2640 Caput
455 2548 611 2638 Apollinis
629 2548 806 2614 laureatum
825 2569 898 2613 cum
915 2558 990 2613 nota
1002 2546 1139 2628 denarii,
1156 2560 1231 2617 ante

162 2665 248 2752 lyra,
271 2686 355 2753 pooe
377 2661 539 2741 ROMA,
566 2662 706 2750 Quintus
729 2660 935 2728 MAXimus.

208 2777 325 2840 Aversa
344 2797 418 2864 pars
437 2772 643 2862 praecedenti
663 2771 835 2839 simillima.

207 2886 342 2956 Ursinus
372 2886 429 2952 hos
458 2886 604 2952 denarios
632 2885 673 2951 ad
704 2884 841 2951 Fabium
869 2886 941 2975 (55)
971 2887 1134 2955 consulem
1156 2887 1233 2955 anni

161 3004 226 3087 709
259 3011 410 3079 traxerat,
444 2999 635 3065 Vaillaotius
664 2998 705 3065 ad
734 2999 902 3067 liburnum
932 3012 1064 3091 propter
1089 3001 1232 3078 fulmen,

161 3137 226 3207 quo
252 3115 333 3179 ictus
359 3113 461 3181 fertur
484 3112 542 3178 ille
567 3137 583 3177 a
604 3112 716 3192 Festo;
743 3112 831 3201 signa
851 3113 1005 3178 ubertatis
1023 3113 1063 3179 ad
1083 3114 1232 3183 aedilita-

162 3240 227 3295 tem
249 3228 444 3304 reseruntur;
472 3227 718 3316 llorercampius
739 3225 961 3293 recterelellit
977 3225 1160 3315 opinionem
1178 3225 1232 3293 hio

163 3340 332 3407 Verrucosi
354 3339 590 3405 cunctationem
608 3338 712 3416 innui,
731 3362 748 3403 a
765 3361 830 3427 qua
845 3338 965 3404 fulmen
983 3337 1164 3425 symbolum
1182 3349 1231 3405 est

161 3456 235 3521 satis
256 3454 417 3535 alienum,
441 3473 501 3518 nec
519 3451 733 3540 cornucopiae
751 3450 837 3516 bello
854 3449 976 3514 Punico
993 3448 1135 3515 secundo
1149 3472 1230 3517 con·

161 3567 310 3648 reniunt,
344 3568 379 3632 ni
411 3566 520 3644 fallor,
554 3587 618 3655 quo
648 3564 704 3628 alii
732 3562 836 3628 Deum
865 3562 1064 3628 terminalem
1094 3562 1229 3631 indicari

159 3693 302 3773 ponunt,
318 3680 482 3745 Motellius
499 3678 638 3768 denique
654 3676 833 3743 ubertatem
849 3675 945 3742 refert
959 3675 998 3739 ad
1011 3673 1096 3740 huno
1108 3698 1228 3745 anuum

160 3794 321 3885 Apollinis
348 3792 505 3859 beneficio
533 3790 567 3856 id
599 3801 646 3856 est
674 3789 749 3854 solis
772 3802 806 3854 et
830 3786 994 3853 caliditate
1015 3787 1111 3865 airis,
1135 3789 1227 3856 cuius

160 3906 342 3995 symbolum
359 3903 483 3968 fulmen
505 3914 563 3969 est.
609 3900 656 3965 Ex
673 3899 792 3989 quibus
814 3898 961 3965 omnibus
981 3900 1029 3964 nil
1042 3898 1131 3966 aliud
1149 3922 1228 3967 oon·

160 4020 250 4087 ficies
269 4042 366 4110 quam
385 4016 629 4083 incertissimum
649 4036 717 4080 esse
738 4011 832 4079 huius
854 4011 976 4078 denarii
993 4024 1172 4083 auctorem.

205 4133 255 4198 lll
276 4140 300 4198 ⁴.
348 4130 453 4222 Ouput
473 4129 544 4195 Iani
563 4127 714 4195 bifrontis
736 4126 913 4193 barbatum.

190 4333 211 4397 ¹)
229 4332 273 4385 Ar
288 4333 343 4386 nu.
360 4335 475 4386 nxvn.
495 4339 536 4385 25.
588 4330 609 4397 η
627 4334 706 4385 vsu.
723 4334 771 4384 ur.
784 4335 829 4391 re;
844 4332 910 4381 Mor.
924 4331 966 4386 11;
982 4328 1051 4381 nice.
1060 4331 1111 4381 tab.
1121 4328 1198 4382 x1x.
1210 4337 1236 4383 a.

146 4420 175 4487 ὁ)
193 4422 272 4473 vaur
288 4421 339 4473 su.
360 4424 403 4481 ιτς
421 4420 487 4472 uror.
505 4420 549 4471 111
555 4442 562 4481 ³
580 4419 649 4473 Rrec.
666 4419 717 4472 nn.
735 4417 812 4469 xix.
830 4422 856 4467 a.
908 4413 928 4483 ⁴)
947 4415 1026 4468 vaur.
1044 4414 1093 4468 ue
1115 4421 1145 4477 ⁹³
1168 4419 1234 4468 nor.

148 4506 232 4560 xvr.
255 4511 295 4557 n.

1046 4585 1115 4651 27*
