3190 5304
389 453 409 536 5
431 454 460 516 8.
482 469 590 514 censor
611 452 681 515 646.
701 451 722 534 §
734 454 773 514 9.
794 469 899 514 ronuta
922 469 1072 514 areisans.
1204 450 1263 513 409
1293 444 1295 447 ’

199 602 364 715 llaalrhius
384 649 527 716 observat
545 671 617 714 enm
637 648 778 739 alioquin
796 670 864 714 sero
883 646 965 713 illud
980 648 1123 737 gessisse3
1147 658 1258 712 contra

202 760 335 831 Richter
350 786 412 828 uon
434 761 612 843 dubitarit,
636 785 696 829 neo
716 761 892 827 Harlessius
912 772 941 840 ¹,
959 761 1015 851 qui
1032 782 1112 827 nora
1129 783 1259 827 erronea

201 872 277 940 inde
296 872 440 963 collegit,
465 871 604 964 denique
623 872 766 939 Kraltius
789 871 830 937 de
848 894 906 938 suo
925 872 1037 938 tribuit
1056 884 1164 938 nostro
1184 894 1261 938 oeu-

203 1007 306 1052 suram
329 986 404 1051 auni
427 990 508 1065 643,
533 986 619 1076 quod
639 986 745 1077 sperui
764 996 879 1076 potest.

484 1171 502 1253 §
527 1171 557 1235 9.
606 1167 740 1233 Fornin
761 1165 934 1232 Fabianus
959 1177 983 1230 ².

248 1325 365 1391 Fornix
396 1325 469 1404 ille,
494 1347 588 1415 quern
612 1347 668 1389 nos
695 1345 803 1390 arcum
823 1322 973 1401 dicimus,
999 1322 1024 1388 si
1046 1322 1151 1388 minus
1169 1345 1264 1389 aceu-

201 1450 268 1503 rate
296 1437 409 1504 Latine
439 1437 622 1529 loquimur,
655 1450 691 1503 ut
721 1434 900 1502 Scholiasta
924 1437 1143 1504 Grouorianus
1170 1436 1265 1516 lacit,

202 1549 322 1616 Romae
341 1549 444 1615 stabat
463 1562 534 1641 post
554 1550 714 1641 templum
737 1549 890 1627 Castoris,
908 1572 1008 1640 prope
1030 1549 1159 1616 Vestam
1179 1551 1266 1616 iuxta

201 1663 351 1753 Regiam,
371 1661 498 1730 Sacram
525 1662 776 1754 ingredientibus
796 1662 904 1742 Viam;
929 1673 996 1728 erat
1024 1684 1126 1754 prope
1155 1664 1264 1751 puteal

202 1773 362 1842 Scribonii
383 1787 412 1855 ³,
436 1775 475 1842 ad
496 1799 592 1866 quem
612 1779 718 1843 locum
736 1777 950 1843 foeneratores
969 1788 1001 1842 et
1016 1789 1209 1843 mercatores
1224 1776 1264 1841 ad

202 1884 393 1953 tradendum
424 1898 457 1952 et
486 1886 704 1977 recipiendum
733 1886 979 1965 conveniebant,
1008 1881 1170 1953 non'rero
1192 1900 1265 1954 aute

151 2036 153 2040 ·
201 2001 359 2091 templum
378 2000 548 2066 Faustinae
570 2022 643 2065 eum
664 1999 784 2064 stetisse
803 1998 926 2064 Becker
945 2011 958 2050 t
980 1998 1218 2068 demonstrarit.

248 2112 285 2179 ln
305 2112 368 2179 boc
382 2112 505 2179 fornice
522 2112 680 2178 Fabianae
695 2112 834 2176 familiae
848 2133 965 2177 nomen
982 2123 1049 2177 erat
1061 2112 1263 2204 inscriptum:

479 2245 573 2306 rtur,
598 2244 640 2291 ru
664 2244 814 2291 narratus
836 2242 912 2291 ritu
935 2243 982 2291 rs.

248 2339 340 2425 Quod
353 2351 459 2405 autern
481 2339 562 2405 alter
581 2338 638 2405 ille
660 2338 838 2428 subiungit,
858 2362 876 2403 a
894 2339 1026 2405 veritate
1047 2340 1155 2406 abesse
1176 2340 1265 2407 ride-

204 2467 272 2533 tur,
300 2454 424 2544 scripsit
450 2454 537 2519 enim
561 2475 669 2518 arcum
692 2475 793 2543 prope
815 2452 942 2518 Vestam
962 2477 980 2518 a
1002 2451 1102 2518 Fabio
1125 2452 1264 2543 quodam

202 2579 348 2659 praetore
374 2566 497 2632 dictum
518 2589 602 2645 esse,
625 2579 681 2632 aut
704 2567 779 2656 quia
798 2566 844 2630 ibi
863 2566 983 2632 multae
1005 2577 1127 2632 statuae
1147 2566 1265 2631 Fabio-

201 2704 272 2748 rum
292 2691 386 2747 stant.
423 2680 532 2745 Potior
546 2679 631 2746 lama
645 2679 726 2745 milri
742 2679 882 2757 videtur,
906 2703 943 2746 er
961 2704 1022 2771 qua
1041 2680 1264 2771 Allobrogicus

202 2816 275 2859 eum
303 2793 465 2859 struxisset
487 2815 524 2858 er
547 2791 721 2872 manubiis,
745 2794 826 2858 siout
847 2792 970 2860 Pseudo
992 2793 1146 2860 Asconius
1168 2794 1264 2860 tradi-

201 2906 268 2987 dit,
291 2905 379 2996 quod
405 2906 431 2970 si
449 2928 558 2971 rerum
579 2918 642 2985 est,
665 2928 729 2972 non
750 2906 856 2995 potuit
876 2929 948 2973 cunr
970 2918 1043 2972 ante
1063 2907 1265 2973 consulatum

85 3087 91 3095 ,
201 3041 307 3109 neque
337 3019 368 3084 in
400 3030 548 3109 praetura
569 3019 679 3085 secisse
701 3031 731 3099 ⁶,
754 3042 860 3110 neque
881 3031 986 3084 tamen
1007 3020 1040 3083 in
1061 3040 1209 3100 censura,
1230 3032 1265 3085 ut

201 3131 325 3197 Pseudo
358 3129 511 3195 Asconius
541 3129 648 3211 addit,
682 3153 779 3222 quem
811 3130 969 3196 Beokerns
998 3133 1157 3221 sequitur,
1191 3156 1265 3197 nam

202 3244 292 3310 breui
311 3255 383 3335 post
402 3241 599 3333 triumphurn
622 3244 726 3308 fornix
746 3254 945 3310 constructus
967 3265 1032 3308 esse
1051 3243 1195 3329 ridetur,
1210 3245 1266 3334 qui

200 3355 316 3424 Sacrae
327 3358 403 3426 Viae
419 3372 637 3422 ornamentum
656 3356 717 3422 fuit
733 3356 883 3447 usquead
896 3355 1095 3423 Constantini
1111 3368 1263 3446 tempora.

247 3467 338 3533 luxta
377 3490 450 3532 eum
487 3465 684 3558 Allobrogici
714 3469 914 3558 aliorumque
946 3468 1118 3534 Fabiorum
1148 3482 1266 3537 statuas

202 3580 318 3660 luisse,
342 3581 415 3646 satis
433 3579 602 3646 verisimile
619 3592 684 3660 est,
702 3602 827 3647 necnon
845 3581 932 3647 tituli
946 3581 1078 3647 fortasse
1093 3583 1265 3663 maiorum,

202 3696 246 3761 ita
264 3705 300 3759 ut
318 3693 393 3759 satis
421 3692 633 3784 probabiliter
662 3694 795 3760 oriunda
815 3694 981 3761 rideantur
1001 3718 1038 3760 ex
1059 3694 1121 3761 hoo
1141 3696 1264 3763 fornice

201 3805 415 3897 inscriptionis
442 3804 497 3870 illa
522 3805 719 3896 fragmenta,
743 3829 825 3896 quae
845 3829 938 3898 supra
961 3814 974 3852 θ
999 3805 1185 3875 cunctatori
1205 3808 1264 3874 ab·

203 3932 317 4011 negata
334 3921 402 3986 eius
422 3918 592 4010 nepotibus
613 3918 791 3986 tribuimus.

221 4169 253 4244 Ἰ)
270 4179 333 4241 Peg.
350 4184 391 4228 40.
427 4175 446 4242 ²)
464 4176 516 4229 Cio.
531 4175 636 4228 deerat.
652 4179 688 4228 II.
705 4183 736 4227 66
747 4179 828 4243 9267,
843 4175 914 4227 Verr.
928 4180 951 4229 1.
969 4182 982 4229 7
998 4180 1011 4244 §
1029 4186 1074 4242 19,
1088 4182 1172 4247 ibique
1187 4182 1272 4235 Schol.

196 4280 222 4329 p.
235 4268 296 4324 133,
310 4262 395 4314 Schol.
404 4261 482 4311 Gron.
492 4262 586 4312 ibidem
603 4278 627 4325 p.
638 4267 688 4312 399
699 4270 725 4313 et
734 4268 783 4313 399
799 4261 857 4322 On,
874 4250 921 4328 pr'o
935 4261 1022 4314 Plane.
1034 4268 1047 4315 t
1058 4266 1070 4330 9
1082 4269 1111 4316 17
1118 4288 1125 4326 ;
1143 4266 1231 4319 Senes.
1241 4271 1273 4318 de

196 4354 272 4397 const.
287 4363 342 4413 sap.
360 4351 371 4395 1
380 4366 387 4405 ;
405 4345 517 4396 Trebell.
534 4345 601 4395 Poll.
619 4341 726 4396 Salona.
745 4352 766 4397 1.
809 4342 830 4412 ὅ)
847 4347 941 4411 Porpb.
955 4346 991 4397 od
1005 4346 1070 4398 Hor.
1088 4345 1116 4398 S.
1133 4351 1170 4401 II.
1185 4355 1209 4402 6.
1224 4357 1271 4411 35,

195 4433 282 4487 fichol.
300 4431 337 4482 ad
345 4428 430 4480 Pares
442 4432 491 4482 1v.
510 4436 550 4480 49.
603 4428 625 4498 4)
640 4428 711 4482 Rttnt
720 4428 876 4482 4111939.
927 4426 949 4491 t)
966 4432 1073 4493 Saohse,
1087 4431 1222 4487 Bassiani.
1232 4433 1269 4487 St.

198 4515 274 4582 Ront,
289 4519 311 4568 1.
328 4520 465 4580 911,638.
517 4512 538 4584 6)
556 4515 595 4569 Cf.
613 4516 676 4582 Cep.
693 4533 710 4569 v
727 4517 862 4583 §thuias
885 4518 968 4583 Libri,
986 4533 1011 4584 p.
1028 4524 1087 4570 394.
