3212 5294
345 456 402 518 192
586 477 614 526 o.
635 473 737 517 ramus
758 474 875 528 muron,
897 471 1065 516 ursronrcus
1085 452 1159 536 (36).

346 649 399 715 ΝΟ.
436 649 569 716 XXXII.
619 654 693 731 Οὐχ
716 647 805 725 ἧσσον
832 651 862 716 δὲ
887 657 945 715 τῶν
968 648 1186 731 προειρημένων
1215 646 1411 727 παρωξύνθην

438 764 604 836 ἐπιστῆσαι
632 802 676 817 -
705 764 814 846 Φαβίῳ
840 765 870 829 δὲ
899 763 1078 842 τοῦμπαλιν
1100 760 1216 826 σσύσιιν
1235 771 1259 826 ¹.

395 874 481 939 llaec
500 875 680 955 sufficiunt;
701 877 792 967 plura
807 875 1147 965 descripsitKrausius,
1168 895 1250 963 quae
1264 892 1412 937 reronon

350 986 388 1052 ad
422 986 636 1078 fragmentum
665 989 765 1055 hocce
791 991 973 1081 pertinent,
1005 1001 1079 1054 suut
1109 986 1235 1052 nonnisi
1265 982 1412 1049 historiae

350 1102 596 1168 conscribendae
624 1115 803 1194 praecepta.
852 1101 1007 1169 Classicus
1037 1112 1084 1166 est
1113 1112 1220 1166 autem
1246 1097 1300 1163 hic
1324 1097 1414 1161 locus

350 1212 391 1277 de
421 1215 513 1280 Fabii
543 1217 730 1282 auctoritate
758 1217 791 1281 in
822 1216 916 1282 bellis
945 1215 1071 1281 Punicis
1108 1212 1309 1289 enarrandis,
1351 1229 1416 1298 qua

351 1325 392 1391 de
412 1350 446 1392 re
466 1327 559 1393 nobis
576 1327 732 1394 iudicium
750 1329 788 1393 fit
808 1328 985 1406 difficilius,
1010 1327 1132 1419 quippe
1149 1327 1205 1416 qui
1224 1347 1289 1389 non
1308 1341 1417 1387 omnes

353 1451 495 1506 auctores
517 1441 701 1531 superstites
722 1440 892 1519 hahemus,
916 1465 952 1506 er
972 1442 1088 1531 quibus
1106 1463 1173 1506 rem
1193 1438 1417 1508 conficiamus;

352 1574 412 1618 nec
442 1565 547 1619 tamen
574 1554 653 1621 adeo
685 1552 841 1644 lugendus
869 1552 996 1648 ridetur
1021 1576 1130 1618 eorum
1158 1552 1319 1629 interitus,
1343 1572 1418 1614 nam

354 1664 505 1754 Polybius
520 1680 605 1733 recte
623 1691 676 1732 eos
692 1667 872 1733 adhibuisse
891 1665 1067 1732 censendus
1095 1678 1152 1732 est.
1195 1665 1291 1730 Hunc
1308 1663 1417 1728 locum

354 1778 532 1868 fragmento
561 1780 732 1869 assignari,
762 1779 786 1844 si
813 1781 856 1844 ita
881 1779 1037 1870 appellari
1061 1789 1185 1869 potest,
1209 1775 1296 1867 quod
1318 1797 1419 1865 quum

353 1890 438 1957 hello
464 1892 582 1958 Punica
603 1904 740 1983 spectet,
763 1893 801 1958 ils
820 1894 1036 1983 praepositum
1062 1892 1154 1958 reliru
1176 1889 1238 1955 hoo
1259 1888 1299 1956 de
1320 1888 1419 1954 Fabio

354 2003 525 2084 iudicium,
549 2003 589 2070 de
612 2026 678 2093 quo
694 2004 768 2070 satis
788 2026 881 2093 supra
903 2005 976 2070 diri.

355 2227 409 2294 ΝΟ.
445 2229 594 2296 XXXIII.
639 2230 872 2312 Παρασνινσίιις
899 2231 929 2294 δὲ
962 2229 1014 2293 καὶ
1042 2227 1161 2306 Φσὶβισν
1190 2227 1263 2307 παρ’
1289 2223 1361 2302 ἕλην
1381 2223 1420 2290 ἴιν

444 2367 492 2417 τις
515 2345 571 2418 τὴν
598 2343 826 2423 πραγματείαν
850 2339 944 2423 εὕροι,
971 2343 1009 2414 ὡς
1033 2342 1083 2405 ἔνι’
1099 2342 1200 2405 αὐτῶν
1221 2339 1422 2420 δειχθήσεται

447 2461 506 2520 τῶν
531 2461 640 2536 καιρῶν
657 2468 682 2521 2.

402 2567 559 2635 Cohaeret
588 2567 641 2633 hic
672 2568 761 2633 locus
791 2589 865 2633 cum
891 2564 1102 2657 praecedente
1127 2563 1264 2642 iudicio;
1288 2558 1422 2652 protulit

357 2705 473 2770 nempe
504 2681 656 2768 Polybius
684 2680 723 2745 ad
751 2680 954 2772 probandum
983 2677 1070 2769 quod
1096 2676 1193 2742 modo
1214 2688 1364 2767 posuerat
1385 2674 1424 2739 de

357 2793 486 2859 Philino
515 2794 695 2883 Fabioque,
729 2794 912 2884 exemplum
942 2815 979 2858 ex
1007 2790 1126 2856 Philini
1146 2790 1229 2856 libro
1250 2792 1281 2854 Il
1301 2787 1341 2854 de
1365 2811 1424 2879 op·

358 2917 499 2997 pugnata
520 2905 676 2985 Messana,
701 2906 903 2997 ostenditque
921 2906 1085 2971 Philinum
1104 2904 1165 2969 sibi
1182 2927 1248 2969 non
1264 2915 1425 2982 constare,

360 3018 415 3085 sed
442 3017 581 3083 hostium
605 3030 709 3107 partes
735 3032 949 3109 permutasse3
973 3017 1152 3097 Philinum,
1176 3016 1297 3108 inquit,
1330 3019 1425 3084 talem

361 3134 395 3198 in
423 3132 568 3196 unirerso
599 3155 693 3222 opere
718 3132 879 3211 invenies,
909 3153 969 3196 nec
989 3130 1127 3196 multum
1150 3130 1249 3195 abeo
1269 3129 1427 3219 discrepat

361 3245 489 3312 Fabius.
538 3243 689 3335 Suspicor
708 3244 827 3310 Philini
848 3245 947 3310 errori
971 3266 1079 3310 ansam
1103 3242 1243 3322 dedisse,
1261 3242 1347 3332 quod
1370 3241 1428 3308 dc-

362 3364 471 3449 iuceps
499 3382 516 3422 a
548 3358 702 3423 Romanis
730 3371 799 3426 tum
827 3383 844 3425 a
872 3356 1185 3447 Carthaginiensibus
1205 3356 1348 3422 Messana
1369 3380 1429 3446 op·

361 3485 502 3567 pugnata
526 3471 632 3537 fuerit.

362 3699 417 3769 N⁰.
451 3698 597 3766 XXXIV.
644 3699 744 3770 Τέλος
759 3701 836 3780 οὐχ,
853 3700 892 3772 ὡς
909 3697 1028 3778 Φάβιός
1043 3702 1152 3780 φησιν,
1166 3695 1428 3773 ἐξαδυνατνῦνσες

455 3812 508 3878 καὶ
533 3815 788 3893 σερικακνῖινσες,
812 3813 888 3876 αλλ’
905 3812 943 3883 ὠς
967 3810 1005 3876 ἂν
1035 3811 1169 3882 ἀπαθεῖς
1195 3808 1247 3873 καὶ
1278 3806 1430 3885 ἀήττητοι

452 3949 533 3997 τινες
553 3922 659 4004 ἄνδρες
684 3924 761 4005 ἱερὸν
786 3925 969 3999 ἐποιήσαντο
998 3920 1171 4003 στέφανον,
1198 3918 1340 4001 πρότερον
1366 3920 1426 3999 γαρ

455 4035 586 4107 ἐκείνους
611 4035 760 4109 αλλήλων
785 4037 1010 4116 ἐπικρατῆσαι,
1036 4031 1148 4113 καίπερ
1171 4031 1221 4098 δύο
1248 4029 1302 4106 ἕσιν
1331 4028 1427 4096 πάλιν

455 4152 486 4215 ἕν
510 4148 608 4228 τούτῳ
633 4150 674 4230 τῷ
701 4147 785 4230 τόσῳ
808 4143 1107 4226 διαγωνισαμένους,
1133 4145 1170 4208 δι’
1191 4141 1291 4208 ἄλλον
1317 4141 1425 4223 τρόπον

432 4261 569 4339 σννέβνρ
598 4260 713 4338 λαβεῖν
736 4261 788 4326 τὸν
816 4260 953 4338 πόλεμον
976 4259 1031 4333 τὴν
1054 4257 1150 4339 κρίσιν
1171 4263 1196 4320 ³.

395 4519 414 4588 ν)
432 4519 709 4585 Polyu.1.14§1-s.
761 4513 781 4584 νρ
800 4517 889 4580 Polyb.
905 4517 927 4566 1.
944 4519 972 4565 15
985 4517 999 4579 s
1011 4520 1049 4565 ιε.
1103 4511 1123 4581 ³)
1140 4513 1232 4579 Polyb.
1247 4513 1269 4565 1.
1287 4518 1319 4564 ss
1335 4514 1349 4576 s
1365 4518 1393 4572 ε,
1408 4512 1430 4558 a.
