3154 5294
291 497 317 541 c.
329 493 432 538 sauros
441 494 473 538 u.
484 493 511 536 r.
523 492 555 537 ιι.
566 493 594 537 n.
606 492 720 538 aurcos
730 474 806 559 (28).
828 477 849 561 §
860 479 888 543 3.
906 494 1016 542 consor
1028 478 1097 541 481.
1182 476 1241 539 tat

173 671 286 750 hostis,
308 671 446 738 Romani
473 682 620 762 poterant
639 672 711 738 illos
733 671 845 739 ltaliae
864 674 1001 765 populos
1027 673 1184 767 paulatim
1206 674 1241 737 in

174 786 369 852 deditionem
389 783 552 852 reducere.
591 783 744 850 Coloniae
764 784 825 852 hoo
845 811 929 853 auno
954 787 1111 854 deductae
1132 797 1206 852 sunt
1228 799 1238 835 1

174 898 286 965 Cosam
317 908 348 962 et
377 897 524 962 Paestum
554 897 619 961 sire
651 896 871 978 Posidoniam,
901 911 1036 988 utraque
1064 899 1242 975 maritima,

173 1012 251 1078 hacc
272 1012 305 1075 in
328 1008 517 1101 Campania,
541 1010 597 1074 illa
619 1010 651 1073 in
677 1010 803 1076 Etruria
825 1011 865 1076 ad
888 1012 915 1079 Χ
936 1012 1084 1102 lapidem.

218 1125 352 1215 Legatos
374 1136 387 1174 ²
410 1124 458 1189 his
477 1123 663 1188 consulibus
681 1122 816 1189 Romam
832 1125 919 1191 misit
941 1126 1173 1216 Aegyptiorum
1189 1146 1243 1189 rex

173 1239 375 1304 Ptolemaeus
407 1235 652 1327 Philadelphus,
685 1238 742 1328 qui
762 1260 819 1304 cnr
839 1239 1009 1329 longinqui
1030 1238 1143 1330 populi
1162 1237 1243 1302 arni-

173 1352 281 1416 citiam
315 1348 504 1415 contrahere
534 1361 666 1416 conatus
697 1352 752 1430 sit,
785 1353 944 1418 coniicere
975 1354 1067 1432 licet3
1102 1349 1243 1440 Pyrrhus

173 1487 289 1556 nempe
315 1476 486 1553 postquam
513 1488 531 1528 a
560 1463 712 1530 Romanis
741 1477 809 1530 erat
834 1467 935 1532 rictus
961 1466 1001 1531 ad
1028 1466 1245 1532 Maleventum

172 1588 204 1642 et
232 1576 379 1665 sequenti
405 1574 456 1640 die
477 1575 510 1639 in
533 1575 651 1663 canapis
672 1574 830 1655 Arusinis,
860 1576 1022 1665 profectus
1042 1576 1175 1666 quidem
1200 1587 1247 1641 est

174 1690 363 1765 Tarentum,
396 1687 451 1752 sed
481 1688 626 1754 noudum
655 1688 780 1754 Italiam
809 1688 937 1755 solebat
968 1691 1095 1757 missam
1125 1689 1247 1766 facere,

173 1802 328 1894 quoniam
355 1801 472 1867 auxilia
501 1802 718 1891 exspectabat3
752 1802 848 1892 paolo
878 1814 951 1868 ante
978 1805 1064 1869 enim
1094 1802 1247 1893 epistolas

172 1916 301 1981 miserat
325 1913 366 1978 ad
389 1914 585 1981 Antiochum
605 1913 751 1981 Soterem
771 1936 878 2005 regem
897 1914 1025 2005 Syriae,
1050 1917 1091 1983 ad
1113 1916 1248 2004 dntigo·

172 2050 252 2093 num
288 2025 446 2091 Gonatam
483 2048 590 2116 regem
626 2025 833 2091 Macedoniae
868 2039 899 2091 et
941 2027 980 2092 ad
1023 2027 1246 2094 Ptolemaeum

173 2137 445 2228 Philadelphum,
478 2163 496 2204 a
525 2138 643 2229 quibus
675 2139 789 2204 auxilia
811 2138 958 2228 petebat,
981 2128 1115 2206 classem
1136 2154 1168 2208 et
1189 2163 1247 2230 pe·

174 2253 316 2319 cuniam.
364 2253 407 2318 Ili
426 2275 536 2317 omnes
557 2250 715 2339 Pyrrhum
738 2252 771 2316 in
793 2275 916 2318 summo
937 2275 1044 2318 rerum
1064 2252 1249 2318 discrimine

174 2367 406 2445 destituerunt,
440 2388 515 2455 ergo
547 2388 643 2455 quarn
673 2367 813 2455 primum
842 2365 949 2456 potuit
972 2366 1005 2429 in
1028 2364 1249 2431 Macedoniam

78 2480 81 2485 ’
173 2480 299 2546 traiecit
324 2478 477 2567 Antigoni
496 2479 620 2543 ulturus
637 2479 753 2543 auxilia
775 2491 904 2568 negata,
927 2478 969 2543 de
996 2478 1141 2570 Aegypto
1163 2477 1249 2543 idem

172 2593 335 2671 facturus,
366 2593 453 2682 quod
484 2616 549 2658 non
578 2592 727 2683 perfecit,
758 2616 834 2658 nam
860 2594 895 2658 in
915 2591 1117 2683 expeditione
1135 2603 1248 2656 contra

173 2707 310 2796 Argiuos
338 2706 470 2772 interiit.
518 2703 591 2771 Non
622 2706 738 2771 mirum
771 2716 818 2771 est
849 2706 1066 2771 Ptolemaeum
1098 2704 1248 2770 maluisse

176 2819 281 2884 socios
313 2819 374 2884 sibi
405 2817 580 2883 adsciscere
608 2818 785 2897 Romanos,
815 2818 1029 2884 nobilissimos
1055 2817 1180 2883 etiamsi
1201 2816 1250 2881 cir

175 2930 293 3019 Pyrrhi
320 2932 469 3009 victores,
500 2953 596 3020 quam
621 2929 697 2996 huic
716 2931 832 2996 auxilia
852 2930 1038 2997 submittere
1057 2942 1091 2997 et
1112 2930 1157 2996 sic
1178 2929 1250 2994 lon·

174 3046 314 3135 ginquos
348 3056 489 3109 attamen
519 3042 707 3109 fortissimos
737 3044 796 3110 sibi
821 3044 953 3110 reddere
973 3043 1098 3124 hostes3
1122 3066 1161 3109 eo
1181 3045 1253 3134 ipso

176 3146 265 3224 anno
293 3181 360 3223 uon
383 3155 554 3223 metuenda
576 3169 643 3223 erat
660 3155 773 3244 Pyrrhi
794 3157 891 3235 ultio,
915 3156 967 3221 sed
989 3169 1098 3247 postea
1118 3155 1250 3221 fortasse

177 3293 254 3336 eum
278 3279 411 3359 peteret.
458 3266 513 3333 Sic
533 3267 733 3333 Ptolemaeus
751 3268 872 3356 legatos
892 3267 1027 3332 Romam
1055 3267 1140 3331 misit
1166 3264 1249 3330 dona

176 3385 333 3457 ferentes,
367 3381 484 3470 quibus
519 3379 657 3448 Senatus
687 3381 859 3446 amicitiam
888 3379 976 3445 dedit
1007 3378 1136 3444 foedere
1166 3380 1249 3458 icto;

177 3496 302 3586 legatos
332 3492 493 3560 Romanos
520 3493 742 3559 Alexandriam
764 3495 891 3559 mittere
910 3516 983 3558 mor
1002 3492 1142 3583 placuit,
1166 3492 1251 3556 inter

178 3631 262 3699 quos
282 3605 375 3672 ltabii
394 3606 458 3672 duo
481 3605 630 3686 luerunt,
646 3607 686 3673 N.
702 3607 809 3673 Pictor
830 3608 900 3694 (27)
923 3617 954 3671 et
972 3604 1008 3688 Q.
1025 3605 1145 3695 Gurges
1158 3608 1250 3692 (23);

178 3723 221 3788 de
243 3744 306 3812 qua
327 3720 485 3810 legatione
504 3743 561 3786 suo
580 3721 653 3786 loco
677 3731 690 3770 ³
712 3720 824 3786 dicam.

210 4084 231 4150 1)
254 4086 323 4136 vau.
347 4086 403 4135 raa.
428 4086 451 4134 ι.
477 4087 509 4133 14
535 4085 549 4146 ς
575 4087 597 4133 r.
668 4077 689 4143 ιι
711 4082 768 4130 uir.
786 4082 835 4144 up.
853 4081 933 4139 mv,
957 4081 1255 4145 Eutrop.11.ra;1)io

174 4171 245 4221 Cass.
264 4171 294 4218 fr.
314 4175 363 4233 413
380 4169 470 4219 Zonar.
489 4170 567 4220 VIII.
586 4173 610 4217 6.
684 4162 706 4232 l)
722 4166 761 4215 Cf.
782 4167 839 4215 Lib.
857 4168 892 4216 V.
911 4165 971 4229 Cap.
990 4180 1020 4215 ιιι
1037 4166 1050 4232 h
1070 4172 1097 4227 13
1116 4167 1173 4216 Lib.
1192 4168 1255 4219 VII.

174 4255 240 4318 Cap.
258 4268 278 4302 ιι
295 4254 308 4319 h
327 4257 349 4302 7.

618 4413 813 4430 w
