3154 5294
298 453 355 516 172
538 471 565 521 o.
588 467 690 513 ruerus
710 469 828 524 arcion,
851 469 1018 513 ursronrous
1038 451 1113 535 (36).

299 649 384 712 tico''
408 660 462 712 aut
486 648 616 712 Pictoris
637 647 725 738 operi
745 647 785 711 ab
804 646 981 713 Annalibus
1003 646 1141 726 diverso,
1165 645 1361 736 grammatici

298 759 494 850 argumenti,
519 772 554 824 ut
572 760 640 825 uliis
656 759 772 849 placet.
812 760 1052 826 llermoeratem
1068 760 1159 825 illurn
1181 759 1359 851 intelligere

295 895 461 963 possumus
487 874 746 961 grammaticum,
769 871 802 936 id
827 884 873 938 est
891 884 1129 964 praeceptorem
1150 871 1358 950 Callimachi,

296 986 349 1051 sed
368 984 446 1051 baec
467 986 643 1051 contortior
661 986 741 1050 ratio
761 998 821 1065 est3
845 998 914 1051 tum
933 986 1113 1054 Demetrius
1128 986 1185 1051 ille
1200 985 1358 1051 rhetorica

298 1122 391 1189 opera
403 1098 521 1178 edidit,
538 1098 593 1165 sed
612 1100 679 1165 eius
699 1099 781 1164 liber
791 1100 859 1180 περὶ
881 1099 1041 1177 ἑρμηνείαις
1063 1098 1358 1188 suppositiciusest3

297 1233 378 1300 quae
408 1234 510 1301 quum
541 1210 585 1276 ita
616 1211 697 1289 sint,
731 1209 909 1299 arripienda
929 1207 1055 1273 ridetur
1073 1206 1246 1273 Lerschii¹
1279 1230 1358 1276 con-

296 1325 435 1403 iectura,
470 1324 604 1413 legentis
636 1321 797 1388 »Graeci'
826 1345 885 1412 pro
916 1319 1180 1398 »Grammatici'',
1209 1344 1283 1387 nam
1310 1322 1359 1388 bis

295 1436 424 1502 demum
436 1447 645 1526 opponuntur
658 1458 723 1501 »er
733 1435 847 1500 nostris
864 1437 990 1500 autem''
1004 1433 1180 1519 (Romanos
1189 1435 1358 1524 intelligo),

296 1545 440 1627 Cincius,
474 1548 609 1625 Fabius,
633 1547 773 1627 Gellius3
806 1559 879 1613 sunt
909 1559 1013 1612 autem
1045 1546 1094 1611 illi
1122 1547 1246 1612 etiamsi
1275 1547 1358 1613 sorte

292 1671 427 1751 uterque
466 1662 689 1750 grammaticus
726 1662 855 1726 omnino
900 1658 1027 1737 Graeci3
1070 1660 1176 1749 potuit
1218 1660 1357 1751 denique

294 1774 466 1864 scripturae
485 1774 710 1864 compendium
731 1797 837 1839 ansam
855 1773 1006 1864 praebere
1025 1775 1139 1851 errori,
1156 1784 1191 1837 ut
1210 1773 1356 1838 librarius

293 1886 412 1952 litteras
422 1875 469 1977 gii
479 1886 511 1950 in
523 1909 707 1976 perversum
718 1884 850 1950 modurn
862 1885 1024 1975 suppleret
1035 1886 1066 1950 in
1080 1886 1178 1965 libro,
1198 1886 1254 1976 qui
1271 1898 1357 1952 totus

292 2011 428 2090 quantus
446 1978 664 2090 grammatici
680 2010 726 2063 est
747 1999 935 2087 argumenti.
983 1997 1140 2087 Equidem
1162 1998 1259 2064 credo
1279 1997 1355 2065 Vic-

292 2113 432 2178 torinum
451 2112 612 2178 annalium
630 2112 703 2176 illos
721 2112 889 2201 scriptores
910 2110 971 2175 sibi
993 2111 1141 2190 voluisse,
1164 2112 1196 2176 in
1217 2134 1355 2203 quorum

290 2224 380 2289 libris
397 2225 553 2291 lectitarit
573 2223 629 2290 has
648 2224 768 2290 litteras
786 2223 825 2288 ab
841 2222 992 2289 Euandro
1009 2224 1041 2288 in
1062 2223 1188 2289 ltaliam
1209 2225 1355 2292 advectas

290 2360 371 2417 csse;
395 2338 440 2403 sic
460 2338 549 2404 verbi
573 2361 667 2403 causa
690 2336 861 2424 Dionysius
878 2337 911 2401 in
930 2337 994 2401 fine
1013 2335 1088 2401 libri
1107 2336 1216 2427 primi,
1242 2340 1295 2404 ubi
1314 2338 1354 2404 de

289 2451 506 2518 Romanorum
527 2452 636 2542 lingua
657 2451 833 2540 digreditur
855 2474 873 2515 a
893 2450 1099 2539 grammatico
1117 2449 1150 2513 in
1172 2462 1276 2540 partes
1296 2474 1353 2518 ro·

289 2566 353 2630 cari
380 2578 504 2657 posset,
540 2565 625 2630 unde
657 2577 762 2631 tamen
793 2587 857 2629 non
887 2562 1031 2653 sequitur
1049 2561 1236 2650 Dionysium
1255 2587 1291 2628 ea
1313 2564 1353 2629 de

289 2701 380 2744 causa
412 2678 625 2767 grammaticis
649 2677 922 2742 adnumerandum
953 2699 1027 2743 esse.
1077 2674 1208 2742 Constat
1237 2676 1353 2743 deinde

288 2790 447 2856 Pictorem
466 2791 573 2855 locum
595 2789 762 2855 inseruisse
791 2790 959 2856 annalibus
988 2787 1028 2853 de
1055 2789 1180 2854 Aeneae
1199 2789 1353 2868 adventu,

288 2901 366 2993 quid
383 2924 448 2966 non
466 2902 506 2968 de
525 2901 681 2981 Euandri,
707 2901 791 2967 unde
813 2902 991 2968 Victorinus
1010 2901 1072 2966 hoc
1092 2900 1209 2967 babere
1228 2905 1352 2992 potuit,

289 3026 344 3078 aut
373 3013 460 3079 illius
488 3014 578 3094 fons3
602 3037 706 3105 neque
731 3014 853 3105 aliquid
877 3013 1028 3104 impedit,
1052 3014 1222 3103 quominus
1244 3014 1352 3081 Cinci-

288 3150 360 3207 um,
384 3128 440 3217 qui
464 3149 570 3218 presse
590 3142 715 3195 secutus
733 3140 779 3194 est
801 3127 950 3204 Fabium,
974 3137 1148 3191 statuamus
1168 3126 1253 3192 hunc
1271 3151 1352 3194 euu-

289 3239 362 3306 dcm
386 3239 495 3306 locum
518 3242 668 3332 attigisse.
718 3242 828 3331 Aqua
846 3240 1001 3305 sententia
1021 3263 1073 3304 me
1093 3263 1158 3305 non
1180 3240 1351 3307 detrabunt

285 3375 367 3444 quae
389 3353 535 3419 Hertaius
557 3365 569 3403 ²
592 3355 726 3445 protulit
749 3353 788 3419 ad
807 3352 1025 3425 defendendos
1047 3355 1267 3442 grammaticos
1287 3355 1349 3419 Fa-

286 3466 375 3531 bium
395 3477 427 3531 et
447 3464 606 3535 Cincium.
634 3466 700 3533 Cur
714 3467 776 3531 hoc
794 3466 1009 3556 fragmentum
1027 3489 1064 3532 er
1084 3465 1194 3531 ordine
1208 3468 1348 3556 primum

283 3580 444 3670 posuerim
468 3579 628 3668 exipsius
652 3590 839 3670 argumento
863 3591 1001 3669 apparet.

284 3801 338 3869 ΝΘ.
373 3801 415 3868 ll.
463 3802 519 3868 His
535 3803 680 3891 (somniis
697 3802 890 3892 fabularum)
910 3802 1101 3894 adiungatur
1113 3805 1209 3870 etiam
1223 3805 1349 3873 Aeneae

374 3915 533 3980 somnium
562 3915 650 4007 quod
678 3917 829 3983 nimirum
858 3917 891 3981 in
917 3916 1008 3982 Fabii
1028 3918 1160 3983 Pictoris
1180 3920 1349 3987 annalibus

372 4028 529 4094 eiusmodi
552 4042 615 4108 est,
639 4042 674 4096 ut
706 4032 812 4097 omnia
839 4054 921 4122 quae
947 4030 987 4094 ab
1008 4034 1114 4097 Aenea
1143 4045 1230 4121 gesta
1256 4046 1349 4115 sunt,

373 4163 521 4232 quaeque
540 4143 605 4210 illis
631 4145 815 4211 acciderunt
835 4168 872 4210 eo
901 4143 1039 4223 fuerint,
1074 4168 1155 4234 quae
1179 4147 1208 4212 ci
1232 4168 1348 4212 secuu-

374 4252 450 4319 dum
475 4257 615 4347 quietem
640 4260 704 4325 risa
729 4271 802 4325 suut
828 4270 851 4324 ³.

309 4411 330 4477 ¹)
348 4408 675 4564 Sgrroelrplril.d.dlt.·111.
695 4423 750 4468 145.
803 4414 823 4484 2)
843 4420 879 4467 De
897 4414 963 4470 Oine.
976 4434 1001 4483 p.
1012 4424 1053 4468 81.
1115 4416 1135 4486 5)
1153 4419 1204 4473 Cic.
1215 4419 1353 4473 dedioinat.

273 4498 295 4548 Ι.
315 4502 345 4547 21
397 4503 437 4551 43.
