3212 5294
332 452 392 514 204

535 469 616 514 serv.
638 469 740 512 riorus
761 451 817 533 (a.)
839 468 866 511 r.
887 448 943 531 (o.)
964 467 992 513 u.
1013 465 1116 511 maroa
1137 444 1213 531 (46).

384 647 452 712 Alia
465 669 595 738 quoque
614 670 649 711 er
662 647 762 711 Fabio
775 670 916 711 manasse
937 645 1086 710 ridentur
1102 645 1135 709 in
1150 643 1212 709 lroc
1224 642 1405 710 Gellianum

336 773 446 850 caput,
474 762 547 851 quia
571 761 683 837 ceteri,
707 782 786 850 quos
805 759 845 824 de
861 758 921 823 boe
941 769 1127 848 argumento
1147 754 1269 822 Gellius
1295 757 1403 822 attulit

336 884 500 951 auctores,
531 884 603 962 post
633 872 769 937 Fabium
801 872 957 937 vixerunt.
1006 869 1093 954 Quae
1119 868 1158 933 ad
1186 867 1273 932 hunc
1294 866 1403 935 locum

335 984 562 1051 illustrandum
573 986 705 1062 faciunt,
722 996 809 1053 recte
829 986 861 1051 in
882 984 945 1049 lroc
966 984 1033 1075 ipso
1052 984 1155 1071 capite
1174 981 1237 1070 legi
1254 995 1402 1071 possunt,

335 1119 417 1187 quae
440 1096 530 1164 nolui
555 1096 742 1163 describere.

333 1319 388 1389 ΝΟ.

422 1325 463 1389 ll.
514 1325 542 1385 l.
574 1320 793 1388 Caerimoniae
811 1322 978 1411 impositae
1005 1320 1126 1385 llamini
1147 1318 1230 1384 Diali
1259 1318 1400 1398 multae,

424 1435 499 1500 item
520 1445 622 1499 castus
641 1434 852 1524 multiplices,
870 1444 949 1525 quos
966 1434 998 1498 in
1013 1433 1117 1512 libris,
1135 1432 1241 1523 quide
1253 1431 1402 1498 sacerdo·

425 1548 512 1612 tibus
535 1545 673 1637 publicis
695 1547 863 1637 compositi
885 1558 977 1624 sunt,
1001 1547 1077 1611 item
1098 1546 1131 1609 in
1154 1545 1245 1611 Fabii
1268 1546 1401 1611 Pictoris

424 1658 581 1724 librorum
614 1660 652 1724 1⁰.
681 1659 813 1749 scriptos
845 1658 995 1747 legimus;
1031 1660 1060 1721 2.
1089 1653 1174 1721 unde
1199 1654 1278 1721 haee
1299 1656 1401 1722 lerme

424 1781 514 1849 sunt,
545 1791 627 1858 quae
655 1768 952 1848 commeminimus3
981 1772 1014 1833 3¹.
1036 1767 1129 1857 Equo
1150 1766 1273 1833 Dialem
1294 1769 1401 1833 flami·

422 1907 493 1949 nem
524 1883 596 1950 rebi
626 1883 736 1973 religio
765 1895 826 1950 est:
862 1886 892 1948 4.
918 1881 1050 1947 classem
1080 1881 1276 1970 procinctam
1310 1894 1398 1949 extra

422 1998 622 2086 pomoerium
654 1997 698 2086 (id
730 2007 777 2061 θεῖ
805 1996 978 2061 exercitum
1007 1996 1177 2081 armatum)
1203 1993 1324 2059 ridere:
1349 1997 1400 2062 id·

423 2109 508 2175 cireo
527 2122 669 2175 rarenter
690 2110 806 2174 flamen
821 2108 921 2173 Dialis
933 2120 1056 2173 creatus
1077 2105 1190 2171 consul
1212 2120 1277 2186 est,
1298 2132 1399 2199 quum

423 2219 508 2285 bella
533 2219 718 2285 consulibus
738 2218 992 2284 mandabantur.¹
1032 2223 1063 2284 5.
1097 2220 1178 2282 ltcm
1199 2219 1303 2286 iurare
1322 2221 1399 2286 Dia·

422 2334 502 2412 lem,
535 2333 581 2398 las
611 2355 787 2423 numquam
817 2343 872 2396 θεῖ.
920 2335 952 2395 6.
982 2328 1066 2394 Item
1097 2330 1217 2395 annulo
1245 2333 1308 2412 uti,
1338 2334 1398 2399 nisi

377 2520 381 2531 ¹
420 2446 529 2537 pervio
555 2468 729 2537 cassoque,
753 2446 798 2510 fas
821 2455 964 2510 nonest.
1013 2446 1042 2508 7.
1073 2444 1397 2532 lgnemeflaminia,

423 2560 468 2649 (id
494 2571 557 2638 est,
587 2559 724 2624 flaminis
748 2557 845 2624 Dialis
871 2556 1001 2644 domo),
1026 2555 1088 2621 nisi
1108 2579 1252 2636 sacrum,
1276 2559 1395 2638 efferri,

421 2675 470 2738 ius
498 2696 564 2738 non
594 2684 651 2737 est.
710 2675 740 2737 8.
772 2670 942 2746 Vinctum,
972 2669 997 2733 si
1021 2669 1114 2734 aedes
1133 2671 1200 2736 eius
1221 2674 1395 2752 introierit,

421 2785 501 2851 solri
527 2806 689 2851 necessum
713 2796 775 2850 est:
800 2797 832 2849 et
856 2782 979 2850 uincula
1006 2806 1063 2872 per
1082 2784 1273 2875 impluvium
1294 2787 1326 2851 in
1348 2798 1396 2853 te-

419 2898 509 2988 gulas
543 2897 693 2977 subduci,
728 2910 824 2988 atque
860 2896 935 2962 inde
968 2896 1051 2960 foras
1084 2896 1117 2962 in
1148 2898 1230 2963 viam
1260 2898 1396 2968 demitti.

421 3016 452 3077 9.
480 3009 610 3076 Nodum
635 3011 667 3074 in
692 3012 801 3101 apice,
825 3032 930 3100 neque
951 3009 984 3072 in
1006 3009 1129 3087 cinctu,
1153 3034 1258 3101 neque
1279 3012 1311 3078 in
1333 3014 1395 3079 alia

418 3135 509 3214 parte
539 3123 643 3188 ullum
673 3122 780 3190 habet.
843 3128 889 3187 to.
922 3120 957 3186 si
990 3123 1060 3211 quis
1090 3122 1129 3187 ad
1162 3124 1395 3192 verberandum

420 3237 570 3315 ducatur,
602 3236 628 3301 si
657 3236 696 3301 ad
726 3235 823 3327 pedes
856 3235 924 3300 eius
948 3234 1080 3323 supplex
1107 3237 1330 3326 procubuerit,
1355 3263 1394 3305 eo

419 3349 471 3415 die
500 3350 658 3416 verberari
688 3349 851 3440 piaculum
881 3359 936 3412 est.
995 3351 1047 3413 11.
1082 3345 1244 3439 Capillum
1275 3350 1394 3431 Dialis,

419 3463 480 3527 nisi
506 3464 562 3553 qui
582 3462 664 3528 liber
684 3460 781 3526 horno
801 3473 863 3539 θεῖ,
887 3484 951 3525 non
972 3459 1127 3525 detonset.
1176 3464 1226 3528 12.
1257 3461 1394 3553 Capram

418 3587 450 3640 et
478 3597 605 3641 carnem
630 3575 790 3639 incoctam
809 3585 841 3640 et
862 3572 990 3639 ederam
1012 3585 1043 3638 et
1065 3572 1172 3639 fabam
1193 3598 1299 3665 neque
1319 3588 1394 3641 tan-

418 3710 492 3779 gere
511 3687 595 3753 Diali
614 3712 682 3753 mos
703 3700 764 3766 est,
790 3708 895 3777 neque
912 3686 1085 3752 nominare.
1121 3692 1172 3753 13.
1198 3688 1398 3779 Propagines

418 3826 435 3865 a
462 3800 578 3868 ritibus
604 3801 698 3867 altius
721 3812 901 3892 praetentus
924 3824 988 3866 non
1009 3799 1160 3867 succidet.
1210 3806 1261 3869 14.
1291 3802 1393 3869 Pedes

417 3912 512 3992 lecti,
537 3911 569 3975 in
590 3934 654 4001 quo
673 3910 788 3990 cubat,
806 3911 975 3977 lutotenui
994 3913 1190 3979 circumlitos
1207 3937 1274 3982 esse
1292 3939 1391 4006 opor-

415 4037 476 4104 tet,
501 4036 533 4090 et
557 4024 597 4089 de
622 4047 660 4090 eo
681 4024 764 4090 lecto
787 4025 972 4092 trinoctium
993 4027 1180 4093 continuum
1204 4052 1267 4094 non
1289 4029 1390 4096 decu·

414 4139 489 4217 bat;
514 4161 619 4228 neque
638 4139 670 4202 in
697 4161 735 4203 eo
759 4137 845 4203 lecto
865 4139 984 4205 cubare
1002 4138 1101 4206 aliurn
1122 4140 1168 4205 las
1193 4154 1256 4206 est:
1282 4165 1389 4233 neque

361 4308 365 4317 .
412 4250 497 4342 apud
536 4251 603 4316 eius
635 4250 711 4316 lecti
741 4251 882 4318 fulcrum
910 4252 1073 4344 capsulam
1102 4277 1168 4320 esse
1199 4277 1272 4321 eum
1302 4268 1390 4323 strue

410 4377 506 4454 atque
530 4364 612 4430 ferto
639 4375 773 4455 oportet.
824 4367 875 4434 15.
906 4365 1070 4456 Unguium
1097 4366 1196 4432 Dialis
1223 4382 1253 4434 et
1277 4369 1390 4460 capilli

412 4478 552 4569 segmina
580 4478 689 4546 subter
718 4479 861 4546 arborem
904 4479 1031 4548 felicem
1071 4492 1152 4548 terra
1190 4483 1386 4573 operiuntur.
