<?xml version="1.0" encoding="UTF-8"?>
<!DOCTYPE html PUBLIC "-//W3C//DTD XHTML 1.0 Transitional//EN"
    "http://www.w3.org/TR/xhtml1/DTD/xhtml1-transitional.dtd">
<html xmlns="http://www.w3.org/1999/xhtml" xml:lang="en" lang="en">
 <head>
  <title>
</title>
<meta http-equiv="Content-Type" content="text/html;charset=utf-8" />
  <meta name='ocr-system' content='tesseract 3.04.00' />
  <meta name='ocr-capabilities' content='ocr_page ocr_carea ocr_par ocr_line ocrx_word'/>
</head>
<body>
  <div class='ocr_page' id='page_1' title='image "./disputatiodegen00servgoog_0022.png"; bbox 0 0 3194 5302; ppageno 0'>
   <div class='ocr_carea' id='block_1_1' title="bbox 506 465 1275 547">
    <p class='ocr_par' dir='ltr' id='par_1_1' title="bbox 506 465 1275 547">
     <span class='ocr_line' id='line_1_1' title="bbox 506 465 1275 547; baseline 0.012 -22"><span class='ocrx_word' id='word_1_1' title='bbox 506 465 527 547; x_wconf 62' lang='grc' dir='ltr'><em>ς</em></span> <span class='ocrx_word' id='word_1_2' title='bbox 551 468 577 528; x_wconf 91' lang='lat' dir='ltr'><strong>l.</strong></span> <span class='ocrx_word' id='word_1_3' title='bbox 598 481 711 529; x_wconf 86' lang='lat' dir='ltr'><strong>aucroa</strong></span> <span class='ocrx_word' id='word_1_4' title='bbox 731 485 835 530; x_wconf 80' lang='lat' dir='ltr'><strong>essars</strong></span> <span class='ocrx_word' id='word_1_5' title='bbox 857 486 971 532; x_wconf 77' lang='lat' dir='ltr'><strong>rsorrr.</strong></span> <span class='ocrx_word' id='word_1_6' title='bbox 1256 475 1275 534; x_wconf 87' lang='lat'><strong>7</strong></span> 
     </span>
    </p>
   </div>
   <div class='ocr_carea' id='block_1_2' title="bbox 186 665 1317 4362">
    <p class='ocr_par' dir='ltr' id='par_1_2' title="bbox 192 665 1268 1979">
     <span class='ocr_line' id='line_1_2' title="bbox 196 665 1267 739; baseline 0.006 -8"><span class='ocrx_word' id='word_1_7' title='bbox 196 689 271 732; x_wconf 87' lang='lat' dir='ltr'><strong>oren</strong></span> <span class='ocrx_word' id='word_1_8' title='bbox 292 665 406 733; x_wconf 91' lang='lat' dir='ltr'><strong>Latine</strong></span> <span class='ocrx_word' id='word_1_9' title='bbox 424 689 550 734; x_wconf 79' lang='lat' dir='ltr'><strong>uersum</strong></span> <span class='ocrx_word' id='word_1_10' title='bbox 579 667 686 735; x_wconf 79' lang='lat' dir='ltr'><strong>›sdens</strong></span> <span class='ocrx_word' id='word_1_11' title='bbox 705 668 832 735; x_wconf 85' lang='lat' dir='ltr'><strong>bonus&#39;&#39;</strong></span> <span class='ocrx_word' id='word_1_12' title='bbox 851 671 871 735; x_wconf 86' lang='lat' dir='ltr'><strong>i.</strong></span> <span class='ocrx_word' id='word_1_13' title='bbox 893 694 920 736; x_wconf 87' lang='lat' dir='ltr'><strong>e.</strong></span> <span class='ocrx_word' id='word_1_14' title='bbox 940 671 1078 739; x_wconf 80' lang='lat' dir='ltr'><strong>Furious</strong></span> <span class='ocrx_word' id='word_1_15' title='bbox 1098 672 1163 738; x_wconf 87' lang='lat' dir='ltr'><strong>sire</strong></span> <span class='ocrx_word' id='word_1_16' title='bbox 1182 672 1267 738; x_wconf 81' lang='lat' dir='ltr'><strong>Fau·</strong></span> 
     </span>
     <span class='ocr_line' id='line_1_3' title="bbox 197 780 1267 874; baseline 0.007 -30"><span class='ocrx_word' id='word_1_17' title='bbox 197 802 274 858; x_wconf 90' lang='lat' dir='ltr'><strong>nus,</strong></span> <span class='ocrx_word' id='word_1_18' title='bbox 300 803 376 870; x_wconf 78' lang='lat' dir='ltr'><strong>ergo</strong></span> <span class='ocrx_word' id='word_1_19' title='bbox 406 780 546 847; x_wconf 75' lang='lat' dir='ltr'><strong>Faunus</strong></span> <span class='ocrx_word' id='word_1_20' title='bbox 573 780 659 848; x_wconf 86' lang='lat' dir='ltr'><strong>idem</strong></span> <span class='ocrx_word' id='word_1_21' title='bbox 680 804 717 847; x_wconf 89' lang='lat' dir='ltr'><strong>ac</strong></span> <span class='ocrx_word' id='word_1_22' title='bbox 736 783 880 862; x_wconf 75' lang='lat' dir='ltr'><strong>Fecisse,</strong></span> <span class='ocrx_word' id='word_1_23' title='bbox 900 784 957 874; x_wconf 90' lang='lat' dir='ltr'><strong>qui</strong></span> <span class='ocrx_word' id='word_1_24' title='bbox 978 784 1106 850; x_wconf 64' lang='lat' dir='ltr'><strong>Vossius</strong></span> <span class='ocrx_word' id='word_1_25' title='bbox 1127 784 1267 851; x_wconf 87' lang='lat' dir='ltr'><strong>auditio</strong></span> 
     </span>
     <span class='ocr_line' id='line_1_4' title="bbox 198 893 1266 984; baseline 0.005 -27"><span class='ocrx_word' id='word_1_26' title='bbox 198 893 315 959; x_wconf 89' lang='lat' dir='ltr'><strong>tabulis</strong></span> <span class='ocrx_word' id='word_1_27' title='bbox 340 893 535 984; x_wconf 78' lang='lat' dir='ltr'><strong>llupubinis3</strong></span> <span class='ocrx_word' id='word_1_28' title='bbox 564 893 648 961; x_wconf 90' lang='lat' dir='ltr'><strong>hanc</strong></span> <span class='ocrx_word' id='word_1_29' title='bbox 669 895 837 963; x_wconf 80' lang='lat' dir='ltr'>ridiculam</span> <span class='ocrx_word' id='word_1_30' title='bbox 856 897 1131 964; x_wconf 85' lang='lat' dir='ltr'><strong>ratiocinationem</strong></span> <span class='ocrx_word' id='word_1_31' title='bbox 1151 896 1266 977; x_wconf 81' lang='lat' dir='ltr'><strong>allero,</strong></span> 
     </span>
     <span class='ocr_line' id='line_1_5' title="bbox 196 1006 1267 1102; baseline 0.005 -32"><span class='ocrx_word' id='word_1_32' title='bbox 196 1017 233 1071; x_wconf 87' lang='lat' dir='ltr'><strong>ut</strong></span> <span class='ocrx_word' id='word_1_33' title='bbox 260 1006 425 1074; x_wconf 87' lang='lat' dir='ltr'><strong>ostendam</strong></span> <span class='ocrx_word' id='word_1_34' title='bbox 456 1030 553 1098; x_wconf 87' lang='lat' dir='ltr'><strong>quarn</strong></span> <span class='ocrx_word' id='word_1_35' title='bbox 582 1008 719 1099; x_wconf 89' lang='lat' dir='ltr'><strong>pulchre</strong></span> <span class='ocrx_word' id='word_1_36' title='bbox 755 1010 886 1076; x_wconf 87' lang='lat' dir='ltr'><strong>istarum</strong></span> <span class='ocrx_word' id='word_1_37' title='bbox 908 1010 1089 1077; x_wconf 89' lang='lat' dir='ltr'><strong>tabularum</strong></span> <span class='ocrx_word' id='word_1_38' title='bbox 1111 1011 1267 1102; x_wconf 79' lang='lat' dir='ltr'><strong>impostor</strong></span> 
     </span>
     <span class='ocr_line' id='line_1_6' title="bbox 195 1118 1268 1212; baseline 0.004 -28"><span class='ocrx_word' id='word_1_39' title='bbox 195 1118 383 1210; x_wconf 79' lang='lat' dir='ltr'><strong>imposuerit</strong></span> <span class='ocrx_word' id='word_1_40' title='bbox 412 1119 479 1186; x_wconf 83' lang='lat' dir='ltr'><strong>rire</strong></span> <span class='ocrx_word' id='word_1_41' title='bbox 505 1120 706 1199; x_wconf 88' lang='lat' dir='ltr'><strong>doctissimo,</strong></span> <span class='ocrx_word' id='word_1_42' title='bbox 734 1122 824 1188; x_wconf 86' lang='lat' dir='ltr'><strong>cuius</strong></span> <span class='ocrx_word' id='word_1_43' title='bbox 844 1122 963 1188; x_wconf 89' lang='lat' dir='ltr'><strong>absona</strong></span> <span class='ocrx_word' id='word_1_44' title='bbox 983 1122 1127 1212; x_wconf 74' lang='lat' dir='ltr'><strong>analogia</strong></span> <span class='ocrx_word' id='word_1_45' title='bbox 1148 1145 1187 1190; x_wconf 90' lang='lat' dir='ltr'><strong>ne</strong></span> <span class='ocrx_word' id='word_1_46' title='bbox 1208 1146 1268 1188; x_wconf 92' lang='lat' dir='ltr'><strong>no·</strong></span> 
     </span>
     <span class='ocr_line' id='line_1_7' title="bbox 196 1230 1267 1324; baseline 0.006 -28"><span class='ocrx_word' id='word_1_47' title='bbox 196 1230 245 1296; x_wconf 91' lang='lat' dir='ltr'><strong>bis</strong></span> <span class='ocrx_word' id='word_1_48' title='bbox 275 1232 437 1324; x_wconf 86' lang='lat' dir='ltr'><strong>imponat,</strong></span> <span class='ocrx_word' id='word_1_49' title='bbox 473 1234 604 1300; x_wconf 88' lang='lat' dir='ltr'><strong>omnino</strong></span> <span class='ocrx_word' id='word_1_50' title='bbox 627 1233 804 1301; x_wconf 86' lang='lat' dir='ltr'><strong>carendum</strong></span> <span class='ocrx_word' id='word_1_51' title='bbox 828 1234 961 1316; x_wconf 76' lang='lat' dir='ltr'><strong>ridetur.</strong></span> <span class='ocrx_word' id='word_1_52' title='bbox 1009 1234 1111 1319; x_wconf 79' lang='lat' dir='ltr'><strong>Quam</strong></span> <span class='ocrx_word' id='word_1_53' title='bbox 1142 1247 1267 1324; x_wconf 76' lang='lat' dir='ltr'><strong>etymo·</strong></span> 
     </span>
     <span class='ocr_line' id='line_1_8' title="bbox 194 1344 1263 1440; baseline 0.004 -31"><span class='ocrx_word' id='word_1_54' title='bbox 194 1344 313 1436; x_wconf 75' lang='lat' dir='ltr'><strong>logiam</strong></span> <span class='ocrx_word' id='word_1_55' title='bbox 333 1369 434 1437; x_wconf 92' lang='lat' dir='ltr'><strong>quum</strong></span> <span class='ocrx_word' id='word_1_56' title='bbox 455 1370 529 1413; x_wconf 89' lang='lat' dir='ltr'><strong>sana</strong></span> <span class='ocrx_word' id='word_1_57' title='bbox 550 1347 631 1413; x_wconf 86' lang='lat' dir='ltr'><strong>ratio</strong></span> <span class='ocrx_word' id='word_1_58' title='bbox 650 1347 795 1426; x_wconf 82' lang='lat' dir='ltr'><strong>refellat,</strong></span> <span class='ocrx_word' id='word_1_59' title='bbox 826 1371 890 1416; x_wconf 89' lang='lat' dir='ltr'><strong>non</strong></span> <span class='ocrx_word' id='word_1_60' title='bbox 911 1371 1040 1440; x_wconf 89' lang='lat' dir='ltr'><strong>possum</strong></span> <span class='ocrx_word' id='word_1_61' title='bbox 1060 1347 1263 1414; x_wconf 84' lang='lat' dir='ltr'><strong>Dedericho¹</strong></span> 
     </span>
     <span class='ocr_line' id='line_1_9' title="bbox 196 1459 1267 1553; baseline 0.004 -32"><span class='ocrx_word' id='word_1_62' title='bbox 196 1459 356 1538; x_wconf 73' lang='lat' dir='ltr'><strong>assentiri,</strong></span> <span class='ocrx_word' id='word_1_63' title='bbox 376 1460 434 1550; x_wconf 89' lang='lat' dir='ltr'><strong>qui</strong></span> <span class='ocrx_word' id='word_1_64' title='bbox 452 1460 505 1526; x_wconf 90' lang='lat' dir='ltr'><strong>isti</strong></span> <span class='ocrx_word' id='word_1_65' title='bbox 523 1460 621 1526; x_wconf 85' lang='lat' dir='ltr'><strong>fidem</strong></span> <span class='ocrx_word' id='word_1_66' title='bbox 641 1459 759 1526; x_wconf 86' lang='lat' dir='ltr'><strong>babere</strong></span> <span class='ocrx_word' id='word_1_67' title='bbox 778 1460 903 1529; x_wconf 85' lang='lat' dir='ltr'><strong>ridetur</strong></span> <span class='ocrx_word' id='word_1_68' title='bbox 917 1474 1051 1553; x_wconf 85' lang='lat' dir='ltr'><strong>propter</strong></span> <span class='ocrx_word' id='word_1_69' title='bbox 1068 1461 1184 1527; x_wconf 81' lang='lat' dir='ltr'><strong>Fabios</strong></span> <span class='ocrx_word' id='word_1_70' title='bbox 1200 1460 1267 1528; x_wconf 88' lang='lat' dir='ltr'><strong>Lu·</strong></span> 
     </span>
     <span class='ocr_line' id='line_1_10' title="bbox 194 1573 1266 1666; baseline 0.003 -31"><span class='ocrx_word' id='word_1_71' title='bbox 194 1593 322 1660; x_wconf 86' lang='lat' dir='ltr'><strong>percos,</strong></span> <span class='ocrx_word' id='word_1_72' title='bbox 351 1573 439 1662; x_wconf 88' lang='lat' dir='ltr'><strong>quod</strong></span> <span class='ocrx_word' id='word_1_73' title='bbox 466 1573 679 1664; x_wconf 73' lang='lat' dir='ltr'><strong>antiquissimi</strong></span> <span class='ocrx_word' id='word_1_74' title='bbox 695 1573 746 1640; x_wconf 90' lang='lat' dir='ltr'><strong>illi</strong></span> <span class='ocrx_word' id='word_1_75' title='bbox 765 1575 798 1639; x_wconf 92' lang='lat' dir='ltr'><strong>in</strong></span> <span class='ocrx_word' id='word_1_76' title='bbox 816 1574 902 1666; x_wconf 89' lang='lat' dir='ltr'><strong>lupia</strong></span> <span class='ocrx_word' id='word_1_77' title='bbox 923 1574 1067 1641; x_wconf 88' lang='lat' dir='ltr'><strong>arcendis</strong></span> <span class='ocrx_word' id='word_1_78' title='bbox 1085 1587 1117 1641; x_wconf 88' lang='lat' dir='ltr'><strong>et</strong></span> <span class='ocrx_word' id='word_1_79' title='bbox 1136 1575 1266 1666; x_wconf 87' lang='lat' dir='ltr'><strong>eapien-</strong></span> 
     </span>
     <span class='ocr_line' id='line_1_11' title="bbox 192 1681 1267 1777; baseline 0.005 -30"><span class='ocrx_word' id='word_1_80' title='bbox 192 1681 243 1748; x_wconf 87' lang='lat' dir='ltr'><strong>dis</strong></span> <span class='ocrx_word' id='word_1_81' title='bbox 271 1684 490 1753; x_wconf 85' lang='lat' dir='ltr'><strong>excelluerint.</strong></span> <span class='ocrx_word' id='word_1_82' title='bbox 540 1685 616 1769; x_wconf 73' lang='lat' dir='ltr'><strong>Quis</strong></span> <span class='ocrx_word' id='word_1_83' title='bbox 646 1709 763 1777; x_wconf 86' lang='lat' dir='ltr'><strong>quaeso</strong></span> <span class='ocrx_word' id='word_1_84' title='bbox 792 1700 972 1755; x_wconf 84' lang='lat' dir='ltr'><strong>contortam</strong></span> <span class='ocrx_word' id='word_1_85' title='bbox 1001 1686 1041 1754; x_wconf 90' lang='lat' dir='ltr'><strong>de</strong></span> <span class='ocrx_word' id='word_1_86' title='bbox 1070 1687 1267 1753; x_wconf 84' lang='lat' dir='ltr'><strong>fodientibus</strong></span> 
     </span>
     <span class='ocr_line' id='line_1_12' title="bbox 195 1793 1267 1890; baseline 0.006 -31"><span class='ocrx_word' id='word_1_87' title='bbox 195 1793 302 1863; x_wconf 75' lang='lat' dir='ltr'><strong>Fabiis</strong></span> <span class='ocrx_word' id='word_1_88' title='bbox 331 1796 515 1887; x_wconf 83' lang='lat' dir='ltr'><strong>opinionem</strong></span> <span class='ocrx_word' id='word_1_89' title='bbox 542 1799 719 1889; x_wconf 87' lang='lat' dir='ltr'><strong>praeferat,</strong></span> <span class='ocrx_word' id='word_1_90' title='bbox 745 1798 802 1865; x_wconf 92' lang='lat' dir='ltr'><strong>ubi</strong></span> <span class='ocrx_word' id='word_1_91' title='bbox 821 1822 894 1866; x_wconf 83' lang='lat' dir='ltr'><strong>aera</strong></span> <span class='ocrx_word' id='word_1_92' title='bbox 913 1813 944 1866; x_wconf 83' lang='lat' dir='ltr'><strong>et</strong></span> <span class='ocrx_word' id='word_1_93' title='bbox 964 1799 1197 1890; x_wconf 86' lang='lat' dir='ltr'><strong>simplicissima</strong></span> <span class='ocrx_word' id='word_1_94' title='bbox 1219 1798 1267 1865; x_wconf 90' lang='lat' dir='ltr'><strong>al·</strong></span> 
     </span>
     <span class='ocr_line' id='line_1_13' title="bbox 194 1908 561 1979; baseline 0.011 -7"><span class='ocrx_word' id='word_1_95' title='bbox 194 1919 261 1974; x_wconf 84' lang='lat' dir='ltr'><strong>tera</strong></span> <span class='ocrx_word' id='word_1_96' title='bbox 285 1908 325 1975; x_wconf 83' lang='lat' dir='ltr'><strong>ad</strong></span> <span class='ocrx_word' id='word_1_97' title='bbox 349 1933 481 1979; x_wconf 88' lang='lat' dir='ltr'><strong>manum</strong></span> <span class='ocrx_word' id='word_1_98' title='bbox 504 1922 561 1977; x_wconf 90' lang='lat' dir='ltr'><strong>est.</strong></span> 
     </span>
    </p>

    <p class='ocr_par' dir='ltr' id='par_1_3' title="bbox 187 2021 1268 3355">
     <span class='ocr_line' id='line_1_14' title="bbox 240 2021 1267 2117; baseline 0.005 -31"><span class='ocrx_word' id='word_1_99' title='bbox 240 2021 419 2091; x_wconf 86' lang='lat' dir='ltr'><strong>Plinianarn</strong></span> <span class='ocrx_word' id='word_1_100' title='bbox 457 2047 574 2114; x_wconf 89' lang='lat' dir='ltr'><strong>nempe</strong></span> <span class='ocrx_word' id='word_1_101' title='bbox 611 2025 710 2092; x_wconf 87' lang='lat' dir='ltr'><strong>nostri</strong></span> <span class='ocrx_word' id='word_1_102' title='bbox 747 2027 884 2092; x_wconf 90' lang='lat' dir='ltr'><strong>nominis</strong></span> <span class='ocrx_word' id='word_1_103' title='bbox 913 2026 1158 2117; x_wconf 78' lang='lat' dir='ltr'><strong>explicationem</strong></span> <span class='ocrx_word' id='word_1_104' title='bbox 1188 2026 1267 2095; x_wconf 86' lang='lat' dir='ltr'><strong>arri·</strong></span> 
     </span>
     <span class='ocr_line' id='line_1_15' title="bbox 192 2135 1267 2227; baseline 0.003 -28"><span class='ocrx_word' id='word_1_105' title='bbox 192 2156 269 2224; x_wconf 88' lang='lat' dir='ltr'><strong>pere</strong></span> <span class='ocrx_word' id='word_1_106' title='bbox 309 2157 375 2201; x_wconf 91' lang='lat' dir='ltr'><strong>non</strong></span> <span class='ocrx_word' id='word_1_107' title='bbox 412 2135 546 2215; x_wconf 73' lang='lat' dir='ltr'><strong>dubito,</strong></span> <span class='ocrx_word' id='word_1_108' title='bbox 583 2136 708 2227; x_wconf 86' lang='lat' dir='ltr'><strong>scripsit</strong></span> <span class='ocrx_word' id='word_1_109' title='bbox 747 2136 827 2203; x_wconf 84' lang='lat' dir='ltr'><strong>ille²</strong></span> <span class='ocrx_word' id='word_1_110' title='bbox 859 2139 1049 2227; x_wconf 75' lang='lat' dir='ltr'><strong>cognomina</strong></span> <span class='ocrx_word' id='word_1_111' title='bbox 1077 2136 1267 2214; x_wconf 75' lang='lat' dir='ltr'><strong>Fabiorum,</strong></span> 
     </span>
     <span class='ocr_line' id='line_1_16' title="bbox 191 2246 1268 2340; baseline 0.002 -27"><span class='ocrx_word' id='word_1_112' title='bbox 191 2246 423 2328; x_wconf 87' lang='lat' dir='ltr'><strong>Lentulorum,</strong></span> <span class='ocrx_word' id='word_1_113' title='bbox 454 2247 660 2328; x_wconf 82' lang='lat' dir='ltr'><strong>Ciceronum,</strong></span> <span class='ocrx_word' id='word_1_114' title='bbox 690 2262 725 2315; x_wconf 85' lang='lat' dir='ltr'><strong>ut</strong></span> <span class='ocrx_word' id='word_1_115' title='bbox 754 2251 891 2340; x_wconf 89' lang='lat' dir='ltr'><strong>quisque</strong></span> <span class='ocrx_word' id='word_1_116' title='bbox 912 2249 1043 2339; x_wconf 85' lang='lat' dir='ltr'><strong>aliquod</strong></span> <span class='ocrx_word' id='word_1_117' title='bbox 1068 2250 1189 2340; x_wconf 86' lang='lat' dir='ltr'><strong>optime</strong></span> <span class='ocrx_word' id='word_1_118' title='bbox 1213 2272 1268 2338; x_wconf 73' lang='lat' dir='ltr'><strong>ge·</strong></span> 
     </span>
     <span class='ocr_line' id='line_1_17' title="bbox 191 2361 1266 2453; baseline 0.002 -28"><span class='ocrx_word' id='word_1_119' title='bbox 191 2382 252 2426; x_wconf 91' lang='lat' dir='ltr'><strong>uus</strong></span> <span class='ocrx_word' id='word_1_120' title='bbox 278 2373 413 2440; x_wconf 84' lang='lat' dir='ltr'><strong>sereret,</strong></span> <span class='ocrx_word' id='word_1_121' title='bbox 445 2373 518 2428; x_wconf 90' lang='lat' dir='ltr'><strong>nata</strong></span> <span class='ocrx_word' id='word_1_122' title='bbox 545 2384 623 2428; x_wconf 86' lang='lat' dir='ltr'><strong>esse.</strong></span> <span class='ocrx_word' id='word_1_123' title='bbox 675 2362 803 2429; x_wconf 79' lang='lat' dir='ltr'><strong>Miscuit</strong></span> <span class='ocrx_word' id='word_1_124' title='bbox 830 2361 961 2453; x_wconf 86' lang='lat' dir='ltr'><strong>quidem</strong></span> <span class='ocrx_word' id='word_1_125' title='bbox 990 2363 1113 2434; x_wconf 86' lang='lat' dir='ltr'><strong>Plinius</strong></span> <span class='ocrx_word' id='word_1_126' title='bbox 1145 2385 1266 2452; x_wconf 80' lang='lat' dir='ltr'><strong>coguo-</strong></span> 
     </span>
     <span class='ocr_line' id='line_1_18' title="bbox 189 2473 1264 2553; baseline 0.002 -14"><span class='ocrx_word' id='word_1_127' title='bbox 189 2473 278 2539; x_wconf 88' lang='lat' dir='ltr'><strong>miua</strong></span> <span class='ocrx_word' id='word_1_128' title='bbox 305 2495 381 2540; x_wconf 85' lang='lat' dir='ltr'><strong>cum</strong></span> <span class='ocrx_word' id='word_1_129' title='bbox 410 2475 678 2553; x_wconf 87' lang='lat' dir='ltr'><strong>nomine,·cuius</strong></span> <span class='ocrx_word' id='word_1_130' title='bbox 708 2474 789 2540; x_wconf 89' lang='lat' dir='ltr'><strong>ratio</strong></span> <span class='ocrx_word' id='word_1_131' title='bbox 817 2475 857 2539; x_wconf 92' lang='lat' dir='ltr'><strong>ab</strong></span> <span class='ocrx_word' id='word_1_132' title='bbox 884 2475 1017 2543; x_wconf 86' lang='lat' dir='ltr'><strong>istorum</strong></span> <span class='ocrx_word' id='word_1_133' title='bbox 1043 2475 1181 2553; x_wconf 74' lang='lat' dir='ltr'><strong>diversa,</strong></span> <span class='ocrx_word' id='word_1_134' title='bbox 1209 2475 1264 2541; x_wconf 89' lang='lat' dir='ltr'><strong>sed</strong></span> 
     </span>
     <span class='ocr_line' id='line_1_19' title="bbox 189 2584 1261 2676; baseline 0.001 -25"><span class='ocrx_word' id='word_1_135' title='bbox 189 2586 238 2651; x_wconf 89' lang='lat' dir='ltr'><strong>nil</strong></span> <span class='ocrx_word' id='word_1_136' title='bbox 267 2585 393 2653; x_wconf 77' lang='lat' dir='ltr'><strong>obstare</strong></span> <span class='ocrx_word' id='word_1_137' title='bbox 424 2586 604 2664; x_wconf 87' lang='lat' dir='ltr'><strong>contendo,</strong></span> <span class='ocrx_word' id='word_1_138' title='bbox 635 2585 769 2676; x_wconf 78' lang='lat' dir='ltr'><strong>analoga</strong></span> <span class='ocrx_word' id='word_1_139' title='bbox 797 2586 883 2652; x_wconf 87' lang='lat' dir='ltr'><strong>enim</strong></span> <span class='ocrx_word' id='word_1_140' title='bbox 913 2584 1069 2651; x_wconf 89' lang='lat' dir='ltr'><strong>babemus</strong></span> <span class='ocrx_word' id='word_1_141' title='bbox 1099 2585 1261 2676; x_wconf 81' lang='lat' dir='ltr'><strong>exempla,</strong></span> 
     </span>
     <span class='ocr_line' id='line_1_20' title="bbox 188 2697 1261 2790; baseline 0 -25"><span class='ocrx_word' id='word_1_142' title='bbox 188 2721 255 2765; x_wconf 89' lang='lat' dir='ltr'><strong>non</strong></span> <span class='ocrx_word' id='word_1_143' title='bbox 287 2697 422 2764; x_wconf 88' lang='lat' dir='ltr'><strong>familias</strong></span> <span class='ocrx_word' id='word_1_144' title='bbox 454 2710 578 2765; x_wconf 87' lang='lat' dir='ltr'><strong>tanturn</strong></span> <span class='ocrx_word' id='word_1_145' title='bbox 608 2721 662 2767; x_wconf 89' lang='lat' dir='ltr'><strong>sua</strong></span> <span class='ocrx_word' id='word_1_146' title='bbox 694 2698 886 2788; x_wconf 78' lang='lat' dir='ltr'><strong>cognomina</strong></span> <span class='ocrx_word' id='word_1_147' title='bbox 915 2698 971 2766; x_wconf 88' lang='lat' dir='ltr'><strong>sed</strong></span> <span class='ocrx_word' id='word_1_148' title='bbox 999 2709 1108 2789; x_wconf 77' lang='lat' dir='ltr'><strong>gentes</strong></span> <span class='ocrx_word' id='word_1_149' title='bbox 1129 2721 1261 2790; x_wconf 89' lang='lat' dir='ltr'><strong>quoque</strong></span> 
     </span>
     <span class='ocr_line' id='line_1_21' title="bbox 188 2811 1261 2902; baseline 0.001 -25"><span class='ocrx_word' id='word_1_150' title='bbox 188 2834 245 2877; x_wconf 90' lang='lat' dir='ltr'><strong>sua</strong></span> <span class='ocrx_word' id='word_1_151' title='bbox 271 2812 401 2877; x_wconf 91' lang='lat' dir='ltr'><strong>nomina</strong></span> <span class='ocrx_word' id='word_1_152' title='bbox 432 2812 560 2879; x_wconf 72' lang='lat' dir='ltr'><strong>traxisse</strong></span> <span class='ocrx_word' id='word_1_153' title='bbox 584 2835 622 2878; x_wconf 81' lang='lat' dir='ltr'><strong>ex</strong></span> <span class='ocrx_word' id='word_1_154' title='bbox 644 2811 838 2902; x_wconf 78' lang='lat' dir='ltr'><strong>agricultura</strong></span> <span class='ocrx_word' id='word_1_155' title='bbox 858 2824 890 2878; x_wconf 88' lang='lat' dir='ltr'><strong>et</strong></span> <span class='ocrx_word' id='word_1_156' title='bbox 911 2834 946 2877; x_wconf 88' lang='lat' dir='ltr'><strong>re</strong></span> <span class='ocrx_word' id='word_1_157' title='bbox 965 2812 1102 2891; x_wconf 87' lang='lat' dir='ltr'><strong>rustica,</strong></span> <span class='ocrx_word' id='word_1_158' title='bbox 1132 2813 1261 2878; x_wconf 88' lang='lat' dir='ltr'><strong>Porcios</strong></span> 
     </span>
     <span class='ocr_line' id='line_1_22' title="bbox 187 2925 1261 3014; baseline -0.001 -23"><span class='ocrx_word' id='word_1_159' title='bbox 187 2925 274 2991; x_wconf 86' lang='lat' dir='ltr'><strong>eninr</strong></span> <span class='ocrx_word' id='word_1_160' title='bbox 305 2947 322 2988; x_wconf 92' lang='lat' dir='ltr'><strong>a</strong></span> <span class='ocrx_word' id='word_1_161' title='bbox 351 2947 451 3014; x_wconf 82' lang='lat' dir='ltr'><strong>porco</strong></span> <span class='ocrx_word' id='word_1_162' title='bbox 476 2925 580 2992; x_wconf 90' lang='lat' dir='ltr'><strong>dictos</strong></span> <span class='ocrx_word' id='word_1_163' title='bbox 607 2948 693 3005; x_wconf 86' lang='lat' dir='ltr'><strong>esse,</strong></span> <span class='ocrx_word' id='word_1_164' title='bbox 726 2925 850 2991; x_wconf 79' lang='lat' dir='ltr'><strong>dsiuios</strong></span> <span class='ocrx_word' id='word_1_165' title='bbox 879 2926 919 2992; x_wconf 92' lang='lat' dir='ltr'><strong>ab</strong></span> <span class='ocrx_word' id='word_1_166' title='bbox 939 2926 1045 3003; x_wconf 86' lang='lat' dir='ltr'><strong>asino,</strong></span> <span class='ocrx_word' id='word_1_167' title='bbox 1074 2925 1261 2991; x_wconf 86' lang='lat' dir='ltr'><strong>Hortensius</strong></span> 
     </span>
     <span class='ocr_line' id='line_1_23' title="bbox 189 3036 1259 3130; baseline 0.002 -28"><span class='ocrx_word' id='word_1_168' title='bbox 189 3038 230 3103; x_wconf 90' lang='lat' dir='ltr'><strong>ab</strong></span> <span class='ocrx_word' id='word_1_169' title='bbox 252 3036 347 3102; x_wconf 90' lang='lat' dir='ltr'><strong>horto</strong></span> <span class='ocrx_word' id='word_1_170' title='bbox 367 3038 437 3127; x_wconf 93' lang='lat' dir='ltr'><strong>quis</strong></span> <span class='ocrx_word' id='word_1_171' title='bbox 458 3040 579 3129; x_wconf 77' lang='lat' dir='ltr'><strong>neget?</strong></span> <span class='ocrx_word' id='word_1_172' title='bbox 629 3038 716 3123; x_wconf 78' lang='lat' dir='ltr'><strong>Quae</strong></span> <span class='ocrx_word' id='word_1_173' title='bbox 743 3062 844 3130; x_wconf 88' lang='lat' dir='ltr'><strong>quum</strong></span> <span class='ocrx_word' id='word_1_174' title='bbox 862 3039 908 3104; x_wconf 91' lang='lat' dir='ltr'><strong>ita</strong></span> <span class='ocrx_word' id='word_1_175' title='bbox 927 3039 1008 3116; x_wconf 89' lang='lat' dir='ltr'><strong>sint,</strong></span> <span class='ocrx_word' id='word_1_176' title='bbox 1028 3061 1093 3104; x_wconf 94' lang='lat' dir='ltr'><strong>non</strong></span> <span class='ocrx_word' id='word_1_177' title='bbox 1115 3061 1193 3129; x_wconf 89' lang='lat' dir='ltr'><strong>opus</strong></span> <span class='ocrx_word' id='word_1_178' title='bbox 1212 3053 1259 3104; x_wconf 89' lang='lat' dir='ltr'><strong>est</strong></span> 
     </span>
     <span class='ocr_line' id='line_1_24' title="bbox 189 3149 1258 3243; baseline 0.001 -28"><span class='ocrx_word' id='word_1_179' title='bbox 189 3162 226 3215; x_wconf 92' lang='lat' dir='ltr'><strong>ut</strong></span> <span class='ocrx_word' id='word_1_180' title='bbox 259 3149 444 3239; x_wconf 87' lang='lat' dir='ltr'><strong>arripiamus</strong></span> <span class='ocrx_word' id='word_1_181' title='bbox 473 3172 547 3216; x_wconf 88' lang='lat' dir='ltr'><strong>curn</strong></span> <span class='ocrx_word' id='word_1_182' title='bbox 572 3152 641 3217; x_wconf 91' lang='lat' dir='ltr'><strong>aliis</strong></span> <span class='ocrx_word' id='word_1_183' title='bbox 663 3150 848 3243; x_wconf 80' lang='lat' dir='ltr'><strong>Pighianam</strong></span> <span class='ocrx_word' id='word_1_184' title='bbox 868 3153 1105 3230; x_wconf 85' lang='lat' dir='ltr'><strong>coniecturam,</strong></span> <span class='ocrx_word' id='word_1_185' title='bbox 1129 3152 1162 3215; x_wconf 89' lang='lat' dir='ltr'><strong>io</strong></span> <span class='ocrx_word' id='word_1_186' title='bbox 1187 3152 1258 3219; x_wconf 88' lang='lat' dir='ltr'><strong>locu</strong></span> 
     </span>
     <span class='ocr_line' id='line_1_25' title="bbox 190 3261 1022 3355; baseline 0.002 -28"><span class='ocrx_word' id='word_1_187' title='bbox 190 3261 337 3329; x_wconf 90' lang='lat' dir='ltr'><strong>Pliniauo</strong></span> <span class='ocrx_word' id='word_1_188' title='bbox 361 3263 497 3354; x_wconf 80' lang='lat' dir='ltr'><strong>legendo</strong></span> <span class='ocrx_word' id='word_1_189' title='bbox 520 3265 725 3331; x_wconf 79' lang='lat' dir='ltr'><strong>Fabatorum</strong></span> <span class='ocrx_word' id='word_1_190' title='bbox 749 3289 808 3355; x_wconf 88' lang='lat' dir='ltr'><strong>pru</strong></span> <span class='ocrx_word' id='word_1_191' title='bbox 831 3265 1022 3331; x_wconf 79' lang='lat' dir='ltr'><strong>Fabiorum.</strong></span> 
     </span>
    </p>

    <p class='ocr_par' dir='ltr' id='par_1_4' title="bbox 186 3374 1317 4362">
     <span class='ocr_line' id='line_1_26' title="bbox 234 3374 1254 3469; baseline -0.002 -27"><span class='ocrx_word' id='word_1_192' title='bbox 234 3374 296 3442; x_wconf 81' lang='lat' dir='ltr'><strong>cai</strong></span> <span class='ocrx_word' id='word_1_193' title='bbox 323 3376 416 3443; x_wconf 90' lang='lat' dir='ltr'><strong>fabae</strong></span> <span class='ocrx_word' id='word_1_194' title='bbox 445 3377 591 3444; x_wconf 87' lang='lat' dir='ltr'><strong>culturae</strong></span> <span class='ocrx_word' id='word_1_195' title='bbox 620 3379 824 3469; x_wconf 84' lang='lat' dir='ltr'><strong>quantumvis</strong></span> <span class='ocrx_word' id='word_1_196' title='bbox 853 3401 928 3467; x_wconf 77' lang='lat' dir='ltr'><strong>gens</strong></span> <span class='ocrx_word' id='word_1_197' title='bbox 954 3387 1062 3442; x_wconf 89' lang='lat' dir='ltr'><strong>nostra</strong></span> <span class='ocrx_word' id='word_1_198' title='bbox 1091 3375 1254 3454; x_wconf 89' lang='lat' dir='ltr'><strong>tribuerit,</strong></span> 
     </span>
     <span class='ocr_line' id='line_1_27' title="bbox 188 3489 1256 3583; baseline -0.001 -28"><span class='ocrx_word' id='word_1_199' title='bbox 188 3489 290 3556; x_wconf 88' lang='lat' dir='ltr'><strong>nolite</strong></span> <span class='ocrx_word' id='word_1_200' title='bbox 315 3490 446 3557; x_wconf 86' lang='lat' dir='ltr'><strong>credere</strong></span> <span class='ocrx_word' id='word_1_201' title='bbox 475 3491 570 3557; x_wconf 90' lang='lat' dir='ltr'><strong>huius</strong></span> <span class='ocrx_word' id='word_1_202' title='bbox 597 3493 734 3560; x_wconf 89' lang='lat' dir='ltr'><strong>nominis</strong></span> <span class='ocrx_word' id='word_1_203' title='bbox 763 3491 911 3582; x_wconf 80' lang='lat' dir='ltr'><strong>originis,</strong></span> <span class='ocrx_word' id='word_1_204' title='bbox 945 3514 1027 3583; x_wconf 90' lang='lat' dir='ltr'><strong>quae</strong></span> <span class='ocrx_word' id='word_1_205' title='bbox 1056 3489 1141 3580; x_wconf 90' lang='lat' dir='ltr'><strong>apud</strong></span> <span class='ocrx_word' id='word_1_206' title='bbox 1172 3513 1256 3555; x_wconf 87' lang='lat' dir='ltr'><strong>seros</strong></span> 
     </span>
     <span class='ocr_line' id='line_1_28' title="bbox 186 3603 1253 3695; baseline -0.004 -26"><span class='ocrx_word' id='word_1_207' title='bbox 186 3616 330 3693; x_wconf 86' lang='lat' dir='ltr'><strong>posteros</strong></span> <span class='ocrx_word' id='word_1_208' title='bbox 367 3605 401 3669; x_wconf 91' lang='lat' dir='ltr'><strong>iu</strong></span> <span class='ocrx_word' id='word_1_209' title='bbox 430 3605 627 3673; x_wconf 76' lang='lat' dir='ltr'><strong>oblivionem</strong></span> <span class='ocrx_word' id='word_1_210' title='bbox 656 3606 793 3684; x_wconf 88' lang='lat' dir='ltr'><strong>abierat,</strong></span> <span class='ocrx_word' id='word_1_211' title='bbox 828 3606 948 3671; x_wconf 90' lang='lat' dir='ltr'><strong>indicia</strong></span> <span class='ocrx_word' id='word_1_212' title='bbox 975 3630 992 3670; x_wconf 92' lang='lat' dir='ltr'><strong>a</strong></span> <span class='ocrx_word' id='word_1_213' title='bbox 1021 3604 1193 3695; x_wconf 89' lang='lat' dir='ltr'><strong>nepotibus</strong></span> <span class='ocrx_word' id='word_1_214' title='bbox 1222 3603 1253 3666; x_wconf 93' lang='lat' dir='ltr'><strong>in</strong></span> 
     </span>
     <span class='ocr_line' id='line_1_29' title="bbox 187 3715 1255 3810; baseline -0.002 -28"><span class='ocrx_word' id='word_1_215' title='bbox 187 3719 326 3785; x_wconf 90' lang='lat' dir='ltr'><strong>nummis</strong></span> <span class='ocrx_word' id='word_1_216' title='bbox 351 3741 418 3786; x_wconf 86' lang='lat' dir='ltr'><strong>esse</strong></span> <span class='ocrx_word' id='word_1_217' title='bbox 435 3720 568 3810; x_wconf 77' lang='lat' dir='ltr'><strong>signata.</strong></span> <span class='ocrx_word' id='word_1_218' title='bbox 615 3721 738 3786; x_wconf 85' lang='lat' dir='ltr'><strong>Retulit</strong></span> <span class='ocrx_word' id='word_1_219' title='bbox 757 3743 874 3810; x_wconf 87' lang='lat' dir='ltr'><strong>nempe</strong></span> <span class='ocrx_word' id='word_1_220' title='bbox 894 3718 959 3784; x_wconf 90' lang='lat' dir='ltr'><strong>buo</strong></span> <span class='ocrx_word' id='word_1_221' title='bbox 976 3716 1137 3784; x_wconf 86' lang='lat' dir='ltr'><strong>Dederich</strong></span> <span class='ocrx_word' id='word_1_222' title='bbox 1156 3715 1255 3782; x_wconf 86' lang='lat' dir='ltr'><strong>dena·</strong></span> 
     </span>
     <span class='ocr_line' id='line_1_30' title="bbox 187 3828 1255 3923; baseline -0.002 -28"><span class='ocrx_word' id='word_1_223' title='bbox 187 3828 269 3897; x_wconf 91' lang='lat' dir='ltr'><strong>rium</strong></span> <span class='ocrx_word' id='word_1_224' title='bbox 283 3842 307 3911; x_wconf 78' lang='lat'><strong>2,</strong></span> <span class='ocrx_word' id='word_1_225' title='bbox 327 3830 452 3921; x_wconf 89' lang='lat' dir='ltr'><strong>dequo</strong></span> <span class='ocrx_word' id='word_1_226' title='bbox 472 3854 529 3899; x_wconf 87' lang='lat' dir='ltr'><strong>suo</strong></span> <span class='ocrx_word' id='word_1_227' title='bbox 550 3833 622 3899; x_wconf 87' lang='lat' dir='ltr'><strong>loco</strong></span> <span class='ocrx_word' id='word_1_228' title='bbox 643 3832 762 3912; x_wconf 91' lang='lat' dir='ltr'><strong>dicam,</strong></span> <span class='ocrx_word' id='word_1_229' title='bbox 783 3835 816 3899; x_wconf 88' lang='lat' dir='ltr'><strong>in</strong></span> <span class='ocrx_word' id='word_1_230' title='bbox 839 3856 905 3923; x_wconf 91' lang='lat' dir='ltr'><strong>quo</strong></span> <span class='ocrx_word' id='word_1_231' title='bbox 925 3832 1013 3897; x_wconf 88' lang='lat' dir='ltr'><strong>cerni</strong></span> <span class='ocrx_word' id='word_1_232' title='bbox 1032 3842 1138 3922; x_wconf 84' lang='lat' dir='ltr'><strong>potest</strong></span> <span class='ocrx_word' id='word_1_233' title='bbox 1154 3851 1255 3895; x_wconf 90' lang='lat' dir='ltr'><strong>cornu</strong></span> 
     </span>
     <span class='ocr_line' id='line_1_31' title="bbox 187 3944 1256 4037; baseline 0 -28"><span class='ocrx_word' id='word_1_234' title='bbox 187 3944 298 4035; x_wconf 85' lang='lat' dir='ltr'><strong>copiae</strong></span> <span class='ocrx_word' id='word_1_235' title='bbox 319 3966 393 4010; x_wconf 90' lang='lat' dir='ltr'><strong>curn</strong></span> <span class='ocrx_word' id='word_1_236' title='bbox 412 3945 549 4011; x_wconf 82' lang='lat' dir='ltr'><strong>fulmine</strong></span> <span class='ocrx_word' id='word_1_237' title='bbox 565 3970 624 4037; x_wconf 90' lang='lat' dir='ltr'><strong>per</strong></span> <span class='ocrx_word' id='word_1_238' title='bbox 644 3958 871 4025; x_wconf 83' lang='lat' dir='ltr'><strong>transversum,</strong></span> <span class='ocrx_word' id='word_1_239' title='bbox 900 3969 982 4037; x_wconf 86' lang='lat' dir='ltr'><strong>quae</strong></span> <span class='ocrx_word' id='word_1_240' title='bbox 1002 3944 1179 4010; x_wconf 86' lang='lat' dir='ltr'><strong>circumdat</strong></span> <span class='ocrx_word' id='word_1_241' title='bbox 1200 3967 1256 4009; x_wconf 92' lang='lat' dir='ltr'><strong>co·</strong></span> 
     </span>
     <span class='ocr_line' id='line_1_32' title="bbox 187 4056 1317 4151; baseline 0 -29"><span class='ocrx_word' id='word_1_242' title='bbox 187 4079 265 4122; x_wconf 89' lang='lat' dir='ltr'><strong>rona</strong></span> <span class='ocrx_word' id='word_1_243' title='bbox 290 4079 328 4124; x_wconf 80' lang='lat' dir='ltr'><strong>ex</strong></span> <span class='ocrx_word' id='word_1_244' title='bbox 348 4057 457 4124; x_wconf 86' lang='lat' dir='ltr'><strong>laurea</strong></span> <span class='ocrx_word' id='word_1_245' title='bbox 475 4071 507 4124; x_wconf 89' lang='lat' dir='ltr'><strong>et</strong></span> <span class='ocrx_word' id='word_1_246' title='bbox 532 4059 625 4150; x_wconf 90' lang='lat' dir='ltr'><strong>spicis</strong></span> <span class='ocrx_word' id='word_1_247' title='bbox 643 4059 879 4151; x_wconf 77' lang='lat' dir='ltr'><strong>glandibusque</strong></span> <span class='ocrx_word' id='word_1_248' title='bbox 898 4070 1065 4135; x_wconf 77' lang='lat' dir='ltr'><strong>contexta,</strong></span> <span class='ocrx_word' id='word_1_249' title='bbox 1094 4056 1127 4121; x_wconf 94' lang='lat' dir='ltr'><strong>in</strong></span> <span class='ocrx_word' id='word_1_250' title='bbox 1147 4080 1254 4123; x_wconf 79' lang='lat' dir='ltr'><strong>aversa</strong></span> <span class='ocrx_word' id='word_1_251' title='bbox 1313 4115 1317 4122; x_wconf 92' lang='lat'>.</span> 
     </span>
     <span class='ocr_line' id='line_1_33' title="bbox 186 4171 1252 4264; baseline 0 -29"><span class='ocrx_word' id='word_1_252' title='bbox 186 4183 274 4260; x_wconf 86' lang='lat' dir='ltr'><strong>parte</strong></span> <span class='ocrx_word' id='word_1_253' title='bbox 311 4171 389 4237; x_wconf 87' lang='lat' dir='ltr'><strong>deae</strong></span> <span class='ocrx_word' id='word_1_254' title='bbox 419 4173 526 4238; x_wconf 86' lang='lat' dir='ltr'><strong>nescio</strong></span> <span class='ocrx_word' id='word_1_255' title='bbox 555 4173 644 4238; x_wconf 86' lang='lat' dir='ltr'><strong>cuius</strong></span> <span class='ocrx_word' id='word_1_256' title='bbox 674 4185 774 4264; x_wconf 86' lang='lat' dir='ltr'><strong>caput</strong></span> <span class='ocrx_word' id='word_1_257' title='bbox 804 4172 916 4239; x_wconf 89' lang='lat' dir='ltr'><strong>itidem</strong></span> <span class='ocrx_word' id='word_1_258' title='bbox 947 4194 1064 4236; x_wconf 89' lang='lat' dir='ltr'><strong>corona</strong></span> <span class='ocrx_word' id='word_1_259' title='bbox 1096 4182 1252 4236; x_wconf 84' lang='lat' dir='ltr'><strong>ornatum.</strong></span> 
     </span>
     <span class='ocr_line' id='line_1_34' title="bbox 187 4283 1252 4362; baseline 0.001 -15"><span class='ocrx_word' id='word_1_260' title='bbox 187 4284 253 4349; x_wconf 88' lang='lat' dir='ltr'><strong>lam</strong></span> <span class='ocrx_word' id='word_1_261' title='bbox 289 4283 350 4348; x_wconf 93' lang='lat' dir='ltr'><strong>sibi</strong></span> <span class='ocrx_word' id='word_1_262' title='bbox 381 4283 505 4350; x_wconf 85' lang='lat' dir='ltr'><strong>ridetur</strong></span> <span class='ocrx_word' id='word_1_263' title='bbox 533 4286 581 4352; x_wconf 84' lang='lat' dir='ltr'><strong>air</strong></span> <span class='ocrx_word' id='word_1_264' title='bbox 608 4288 809 4353; x_wconf 85' lang='lat' dir='ltr'><strong>acutissimus</strong></span> <span class='ocrx_word' id='word_1_265' title='bbox 839 4308 969 4352; x_wconf 90' lang='lat' dir='ltr'><strong>cernere</strong></span> <span class='ocrx_word' id='word_1_266' title='bbox 998 4285 1083 4350; x_wconf 90' lang='lat' dir='ltr'><strong>inter</strong></span> <span class='ocrx_word' id='word_1_267' title='bbox 1111 4284 1252 4362; x_wconf 85' lang='lat' dir='ltr'><strong>fructus,</strong></span> 
     </span>
    </p>
   </div>
   <div class='ocr_carea' id='block_1_3' title="bbox 188 4463 1254 4616">
    <p class='ocr_par' dir='ltr' id='par_1_5' title="bbox 188 4417 1254 4616">
     <span class='ocr_line' id='line_1_35' title="bbox 216 4463 1254 4534; baseline 0 -20"><span class='ocrx_word' id='word_1_268' title='bbox 216 4463 235 4529; x_wconf 88' lang='lat'><strong>¹)</strong></span> <span class='ocrx_word' id='word_1_269' title='bbox 253 4463 294 4514; x_wconf 83' lang='lat' dir='ltr'><strong>De</strong></span> <span class='ocrx_word' id='word_1_270' title='bbox 310 4463 394 4518; x_wconf 66' lang='lat' dir='ltr'><strong>Gestis</strong></span> <span class='ocrx_word' id='word_1_271' title='bbox 407 4465 500 4517; x_wconf 79' lang='lat' dir='ltr'><strong>Fabiae</strong></span> <span class='ocrx_word' id='word_1_272' title='bbox 514 4465 604 4532; x_wconf 60' lang='lat' dir='ltr'><strong>orique</strong></span> <span class='ocrx_word' id='word_1_273' title='bbox 618 4469 644 4518; x_wconf 91' lang='lat' dir='ltr'><strong>in</strong></span> <span class='ocrx_word' id='word_1_274' title='bbox 656 4464 806 4533; x_wconf 74' lang='lat' dir='ltr'><strong>Mnemosyne</strong></span> <span class='ocrx_word' id='word_1_275' title='bbox 814 4467 851 4517; x_wconf 86' lang='lat'><strong>11.</strong></span> <span class='ocrx_word' id='word_1_276' title='bbox 864 4471 921 4516; x_wconf 79' lang='grc'><strong>144.</strong></span> <span class='ocrx_word' id='word_1_277' title='bbox 957 4463 978 4534; x_wconf 77' lang='lat'><strong>²)</strong></span> <span class='ocrx_word' id='word_1_278' title='bbox 996 4464 1032 4515; x_wconf 86' lang='lat' dir='ltr'><strong>H.</strong></span> <span class='ocrx_word' id='word_1_279' title='bbox 1051 4463 1087 4514; x_wconf 91' lang='grc' dir='ltr'><strong>Ν.</strong></span> <span class='ocrx_word' id='word_1_280' title='bbox 1106 4465 1211 4518; x_wconf 86' lang='lat' dir='ltr'>XVIII.</span> <span class='ocrx_word' id='word_1_281' title='bbox 1228 4471 1254 4514; x_wconf 80' lang='grc'><strong>3.</strong></span> 
     </span>
     <span class='ocr_line' id='line_1_36' title="bbox 188 4545 870 4616; baseline 0.003 -16"><span class='ocrx_word' id='word_1_282' title='bbox 188 4545 209 4613; x_wconf 68' lang='lat' dir='ltr'><strong>ll</strong></span> <span class='ocrx_word' id='word_1_283' title='bbox 226 4549 341 4616; x_wconf 87' lang='lat' dir='ltr'><strong>Morelli,</strong></span> <span class='ocrx_word' id='word_1_284' title='bbox 359 4549 434 4603; x_wconf 81' lang='lat' dir='ltr'><strong>Num</strong></span> <span class='ocrx_word' id='word_1_285' title='bbox 452 4551 523 4604; x_wconf 82' lang='lat' dir='ltr'><strong>Fam.</strong></span> <span class='ocrx_word' id='word_1_286' title='bbox 542 4549 626 4616; x_wconf 75' lang='lat' dir='ltr'><strong>Rana,</strong></span> <span class='ocrx_word' id='word_1_287' title='bbox 644 4553 723 4607; x_wconf 79' lang='lat' dir='ltr'><strong>Fabia</strong></span> <span class='ocrx_word' id='word_1_288' title='bbox 740 4553 773 4603; x_wconf 84' lang='lat' dir='ltr'><strong>N.</strong></span> <span class='ocrx_word' id='word_1_289' title='bbox 793 4557 817 4602; x_wconf 81' lang='lat'><strong>8.</strong></span> <span class='ocrx_word' id='word_1_290' title='bbox 867 4560 870 4565; x_wconf 87' lang='lat'>&#39;</span> 
     </span>
    </p>
   </div>
   <div class='ocr_carea' id='block_1_4' title="bbox 0 0 1602 5302">
    <p class='ocr_par' dir='ltr' id='par_1_6' title="bbox 0 0 1602 5302">
     <span class='ocr_line' id='line_1_37' title="bbox 0 0 1602 5302; baseline 0 4"><span class='ocrx_word' id='word_1_291' title='bbox 0 0 1602 5302; x_wconf 95' lang='lat' dir='ltr'><strong> </strong></span> 
     </span>
    </p>
   </div>
  </div>
 </body>
</html>
