3154 5294
527 473 702 517 ruacunnra
723 474 881 518 rnnrrruu.
1183 456 1240 520 175

176 652 263 718 derat
294 652 429 732 Aeneas,
460 665 494 719 ut
522 666 568 721 est
589 653 674 745 apud
696 652 882 720 Diodorum.
931 651 1023 736 Quod
1045 665 1152 719 autem
1173 652 1238 719 dis-

175 778 305 856 crepant
334 767 409 833 illae
438 768 556 847 lamae,
589 767 703 835 Catoni
732 768 863 833 fortasse
888 765 1027 833 debebat
1052 766 1237 857 Dionysius,

176 880 350 948 dummodo
371 882 493 972 aliquid
514 882 609 948 tribui
629 894 734 972 potest
756 881 888 947 tuciori
907 881 948 946 dc
966 880 1108 972 Origine
1123 882 1256 950 Gentis

174 993 365 1074 Romanae,
388 997 436 1062 siu
460 998 585 1076 miuus,
610 997 714 1063 hausit
739 994 801 1061 boc
824 1018 862 1061 ex
895 1018 958 1061 uuo
990 997 1129 1062 alterove
1160 997 1238 1061 scri·

173 1120 279 1196 ptore,
303 1111 359 1199 qui
376 1110 491 1206 lamam
512 1133 529 1175 a
550 1111 691 1176 Fabiana
713 1108 865 1175 diversam
886 1110 1003 1200 scripto
1025 1109 1238 1175 mandaverat.

173 1218 246 1285 Non
279 1245 354 1288 vero
384 1225 532 1290 conrenit
564 1246 636 1289 cum
668 1222 727 1288 hac
749 1222 894 1311 Dionysii
916 1221 1000 1287 fama
1031 1222 1120 1288 locus
1148 1222 1239 1288 Fabii

174 1330 342 1398 Serviliani
358 1346 380 1412 ¹,
405 1333 460 1400 ubi
478 1334 517 1400 ad
540 1335 646 1401 locum
663 1334 885 1401 macerrimum
906 1332 1239 1423 litterosissimumque

174 1447 354 1535 pervenisse
377 1449 498 1514 Aeneas
517 1448 669 1526 traditur,
693 1470 765 1513 nam
787 1447 981 1512 contrarium
1001 1446 1131 1511 omnino
1152 1446 1238 1536 apud

173 1558 362 1647 Dionysium
387 1560 530 1650 legimus.
567 1559 655 1644 Quae
674 1583 772 1652 quum
795 1561 838 1625 ita
858 1560 935 1636 sint,
954 1582 1019 1626 non
1039 1558 1136 1625 babet
1156 1560 1241 1626 llar-

173 1672 283 1738 lessius
309 1697 361 1739 me
381 1674 623 1754 assentientem,
647 1675 704 1740 ubi
722 1675 826 1741 eidem
847 1674 1023 1743 Serviliano
1046 1673 1158 1738 tribuit
1178 1670 1240 1739 hoc

174 1783 284 1868 Quinti
315 1786 447 1854 Pictoris
477 1787 706 1877 fragmentum
738 1787 824 1852 cadit
847 1786 958 1852 itidem
978 1785 1065 1878 quod
1086 1785 1161 1853 inde
1181 1784 1239 1851 de·

173 1897 304 1964 duxerat
341 1901 416 1979 ille,
454 1901 614 1968 Pictorem
644 1901 678 1966 in
710 1924 805 1992 opere
837 1900 958 1967 Graeco
987 1900 1046 1965 alia
1080 1900 1241 1990 scripsisse

174 2035 270 2102 quam
297 2012 329 2078 in
359 2013 492 2093 Latino,
517 2038 589 2080 nam
609 2013 672 2080 boc
690 2016 802 2080 saltem
821 2014 909 2091 loco,
934 2013 959 2079 si
979 2013 1029 2079 rel
1048 2012 1088 2078 de
1117 2013 1240 2104 duplici

174 2124 378 2215 cogitandum
404 2125 530 2207 fuisset,
554 2127 639 2192 idem
664 2126 854 2192 tradidisset.

174 2349 228 2414 ΝΟ.
262 2349 318 2417 IV.
366 2353 408 2418 lit
429 2351 547 2418 nodum
569 2352 715 2419 informis
733 2351 823 2419 lethi.
842 2388 887 2404 -
906 2350 1023 2417 Fabius
1035 2350 1142 2416 Pictor
1161 2350 1240 2417 dicit

200 2483 202 2489 ·
268 2464 355 2555 quod
377 2467 490 2531 Amata
510 2465 616 2531 inedia
637 2490 670 2530 se
690 2466 887 2531 interemerit
907 2476 932 2530 ².

221 2578 296 2645 Non
325 2602 471 2668 magnam
503 2579 578 2644 huic
607 2579 679 2644 loco
707 2578 815 2644 tribuo
842 2577 958 2656 fidem,
988 2601 1061 2642 nam
1083 2577 1188 2644 differt
1207 2579 1240 2643 in

177 2690 305 2757 cardine
334 2692 547 2781 quaestionis,
577 2691 733 2781 siquidem
764 2692 797 2755 in
832 2689 934 2756 Servii
954 2690 1118 2756 codicibus
1138 2690 1243 2756 bonae

177 2817 271 2871 notae
300 2805 349 2893 (L.
368 2805 405 2872 R.
426 2804 538 2896 Stepb.
565 2805 624 2871 Ed.
651 2806 721 2871 Bas.
747 2803 832 2895 apud
855 2803 1089 2890 Burmannum)
1112 2803 1241 2894 legitur:

179 2921 282 2985 »Alii
303 2916 415 2982 dicunt
445 2918 533 3008 quod
560 2922 639 2984 cet'’
684 2922 848 2983 Incertum
876 2918 984 3007 itaque
1009 2917 1089 2983 mibi
1107 2918 1243 2998 ridetur,

179 3055 217 3097 an
240 3053 275 3097 re
299 3054 371 3097 vera
390 3031 469 3097 baec
489 3056 506 3096 a
527 3032 626 3097 Fabio
646 3031 730 3097 dicta
751 3032 822 3097 siut.

225 3144 374 3234 Virgilius
394 3145 510 3211 cecinit
539 3146 682 3210 Auratam
714 3144 819 3209 Latini
849 3167 978 3209 uxorem
999 3145 1115 3234 laqueo
1134 3167 1167 3210 se
1186 3169 1246 3235 pe·

178 3258 342 3349 pendisse,
361 3281 461 3349 quum
482 3257 625 3324 crederet
645 3258 803 3336 Turnum,
823 3278 918 3347 quem
939 3256 1000 3321 sibi
1018 3279 1169 3346 generum
1185 3279 1244 3322 cu·

181 3371 303 3461 pichot,
324 3372 356 3436 in
379 3394 485 3462 pugna
506 3381 617 3436 contra
629 3372 768 3436 Aeneam
787 3368 950 3447 cecidisse
976 3370 1086 3460 quain
1105 3382 1244 3459 repoeta

181 3483 335 3551 diversam
356 3486 501 3576 sequitur
523 3485 659 3562 lamam,
675 3507 766 3562 narn,
785 3495 821 3548 ut
838 3482 964 3548 codices
981 3481 1115 3561 babent,
1138 3482 1244 3549 inedia

186 3622 216 3662 se
246 3598 458 3664 interemisset
487 3596 662 3663 secundum
685 3597 820 3663 Fabium
842 3597 1019 3675 Pictorem,
1041 3595 1211 3683 Dionysius
1232 3607 1244 3646 ³

185 3733 256 3775 rero
275 3711 322 3775 nil
343 3710 383 3775 de
403 3711 469 3775 eius
490 3722 593 3776 morte
609 3709 770 3801 peculiare
792 3707 889 3774 addit.
937 3708 1073 3774 Rotbius
1091 3707 1176 3774 huuc
1194 3709 1244 3774 lo-

185 3844 254 3888 cum
269 3825 452 3914 praeposuit
472 3823 524 3890 ΝΟ.
536 3822 568 3889 ll
580 3834 611 3888 et
623 3821 687 3902 lll,
707 3821 762 3887 sed
778 3822 900 3888 inrersa
918 3823 998 3888 ratio
1015 3822 1114 3912 magis
1129 3823 1247 3914 placet.

186 4044 238 4114 ΝΟ.
275 4048 317 4115 V..
364 4049 404 4114 At
424 4073 499 4115 rero
519 4050 636 4115 Fabius
657 4047 764 4114 Pictor
784 4046 867 4114 libro
887 4049 991 4137 primo
1010 4060 1042 4114 et
1061 4048 1248 4115 Vennonius

275 4159 369 4224 solito
397 4161 607 4252 institutoque
627 4183 782 4250 egressam
801 4160 956 4250 virginem
975 4161 1008 4224 in
1028 4184 1120 4227 usum
1141 4185 1247 4228 sacro-

274 4297 344 4338 rum
374 4298 488 4364 aquam
518 4276 656 4366 petitum
682 4298 718 4340 cr
743 4297 781 4340 eo
809 4275 915 4353 fonte,
949 4273 1005 4365 qui
1033 4287 1100 4342 erat
1119 4274 1151 4341 in
1171 4276 1247 4341 luco

838 4435 963 4446 ---

218 4525 236 4595 ¹)
253 4527 292 4582 Cf.
311 4529 399 4594 fragm.
417 4530 551 4583 Servilisni
568 4534 591 4584 Ι.
667 4529 687 4601 ²)
706 4531 778 4585 Serv.
795 4527 903 4584 adAca.
919 4530 984 4583 XII.
1002 4535 1062 4582 602.
1131 4528 1151 4598 ⁵)
1169 4533 1191 4581 Ι.
1210 4535 1252 4581 64,
