3210 5300
315 414 374 477 354
458 432 486 481 p.
507 429 609 472 rsums
630 429 657 479 u.
680 430 707 473 r.
730 430 757 479 n.
778 428 807 472 n.
828 426 959 473 turrinus
980 427 1148 472 uunerrrun
1170 410 1254 501 (33),

327 607 540 679 madverterat
554 619 627 698 post
643 629 763 675 annum
781 610 844 675 537
862 604 991 673 demum
1008 627 1062 671 eos
1076 627 1170 671 cusos
1182 628 1258 673 esse.
1294 604 1387 673 Certa

327 736 374 794 est
393 724 490 813 igitur
508 722 730 811 Harereampii
747 721 944 798 coniectura,
968 721 1020 785 eui
1038 742 1119 785 uuus
1134 744 1171 785 er
1188 719 1389 788 cunctatoris

327 835 463 927 pesteris
485 859 538 903 eos
557 835 693 924 signasse
713 833 898 911 uidebatur,
921 832 1020 911 iurte,
1045 833 1166 922 iuquit,
1190 832 1390 901 Cunctatoris

330 950 416 1017 filius
446 950 519 1038 (37)
551 946 650 1012 tltvir
676 947 846 1013 monetalis
876 946 937 1010 fuit
960 946 1043 1011 iuter
1069 952 1133 1015 537
1161 957 1193 1010 at
1215 950 1297 1025 5413
1325 969 1390 1013 uun

330 1062 443 1140 erede,
467 1085 541 1131 nem
568 1084 652 1131 anuo
674 1066 740 1129 538
761 1073 771 1111 ¹
795 1082 859 1127 uun
881 1060 943 1127 suit
962 1060 1100 1138 Romae,
1122 1081 1232 1124 rerum
1254 1060 1288 1124 in
1307 1058 1391 1127 Cau-

329 1178 419 1253 nensi
434 1176 501 1243 aeie
520 1176 667 1243 tribunus
681 1174 819 1241 militum
834 1172 1002 1263 puguant,
1019 1183 1087 1241 tum
1104 1172 1166 1238 fuit
1181 1172 1291 1239 aedilis
1307 1196 1392 1239 auuu

329 1288 484 1378 sequenti
500 1300 532 1357 et
557 1299 684 1377 praetor
708 1291 788 1365 540,
812 1297 935 1351 cunstat
956 1285 1095 1375 denique
1116 1308 1270 1353 summam
1291 1308 1392 1378 pecu-

329 1402 402 1471 niae
431 1402 598 1490 penuriam
628 1400 724 1465 fuisse
751 1422 810 1489 per
828 1398 885 1463 illa
906 1409 1068 1487 tempure,
1090 1399 1180 1488 atqui
1198 1421 1263 1464 uun
1285 1398 1393 1465 verisi-

329 1516 408 1583 mile
439 1527 486 1581 est
512 1514 622 1605 plures
648 1513 786 1579 diuersus
813 1535 961 1579 nummos
983 1534 1020 1576 er
1039 1510 1151 1577 iisdem
1172 1511 1260 1577 annis
1278 1511 1317 1577 ad
1336 1534 1394 1579 uus

333 1628 522 1719 peruenisse.
577 1625 737 1716 Equidem
764 1625 871 1715 potius
899 1624 939 1691 de
969 1647 1032 1691 uno
1062 1626 1200 1691 alterove
1228 1625 1329 1691 Fabiu
1357 1648 1393 1691 er

332 1741 501 1811 narratori
528 1741 662 1835 posteris
695 1738 900 1828 rogitandum
932 1761 998 1804 esse
1028 1760 1161 1817 censen,
1184 1739 1238 1805 sed
1263 1761 1393 1809 accura-

332 1857 395 1920 tius
422 1853 548 1920 definiri
576 1852 687 1943 nequit
714 1851 797 1917 illud
820 1866 943 1942 tempus
963 1864 1094 1943 propter
1111 1853 1212 1943 legem
1237 1853 1394 1943 Papiriam

333 1990 398 2037 nou
421 1967 495 2043 satis
511 1965 697 2044 definitam,
721 1987 793 2030 num
820 1977 944 2031 certant
960 1966 1020 2030 riri
1041 1964 1157 2030 docti2
1178 1965 1314 2032 fueritne
1333 1968 1396 2035 lata

334 2081 386 2146 illa
418 2079 486 2156 lex,
521 2101 583 2169 qua
612 2101 692 2143 asses
726 2077 946 2144 semiunciales
971 2079 1048 2144 faeti
1075 2092 1163 2158 suut,
1196 2081 1295 2170 paulo
1324 2093 1396 2172 pust

333 2193 651 2271 Fabii-dictaturam,
671 2214 710 2256 au
733 2213 838 2255 versus
858 2194 939 2272 600,
961 2213 1000 2257 au
1020 2194 1097 2258 665.

334 2368 357 2381 ,,
377 2306 405 2378 X
420 2315 444 2373 tt
468 2305 572 2396 Caput
587 2304 670 2375 Iuris
685 2304 809 2371 barbati
822 2304 1018 2384 laureatum,
1035 2327 1119 2394 poue
1129 2316 1205 2373 uota
1216 2306 1348 2373 semissis
1360 2305 1395 2373 S.

380 2420 476 2484 Prora
506 2419 612 2497 naris,
640 2418 726 2486 iuxta
756 2428 832 2482 uota
861 2417 995 2485 semissis
1022 2415 1064 2497 S,
1088 2440 1181 2507 supra
1202 2419 1397 2497 MArimus,

333 2532 415 2601 rnna
439 2529 588 2597 ROMA.

381 2646 439 2710 Est
465 2643 577 2722 semis,
602 2654 636 2708 ut
655 2653 779 2730 praeter
799 2642 897 2731 ipsam
918 2652 1027 2707 notam
1049 2642 1169 2711 indicat
1189 2656 1304 2735 typus,
1328 2643 1398 2709 rul-

335 2779 408 2848 gare
419 2769 514 2844 caput
525 2754 607 2818 loris
626 2754 732 2820 laurea
748 2753 902 2833 redimiti,
918 2777 983 2844 quo
993 2756 1086 2823 semis
1096 2755 1303 2847 dignoscitur.
1327 2756 1410 2845 Sig->

337 2883 432 2939 natus
459 2880 506 2935 est
534 2866 588 2933 hie
617 2889 766 2933 nummus
787 2879 859 2957 post
881 2867 974 2934 Fabii
993 2868 1183 2935 dictaturam
1202 2886 1276 2937 aute
1296 2870 1400 2960 legem

337 2981 516 3071 Papiriam,
546 2980 636 3069 atqui
665 2980 705 3044 ab
733 3002 798 3045 unu
819 3004 836 3045 e
857 2981 990 3071 posteris
1010 2981 1160 3063 Maximi,
1182 2984 1242 3051 nisi
1261 2983 1343 3049 forte
1363 3006 1400 3051 er

338 3107 433 3184 gente
454 3094 573 3159 Murcia
591 3093 640 3161 sit.

386 3207 431 3274 XI
453 3220 476 3273 ⁴.
513 3204 616 3297 Caput
645 3204 729 3271 ioris
750 3206 880 3285 ‚barbati
911 3208 1106 3288 laureatum,
1138 3232 1223 3298 pone
1251 3225 1326 3278 nauta
1352 3232 1404 3278 se·

338 3321 450 3393 missis.

341 3486 344 3491 .
384 3433 481 3498 Prora
501 3432 588 3498 uaris
607 3431 694 3496 iuxta
715 3444 790 3497 nutu
811 3432 960 3512 semissis,
984 3456 1079 3525 supra
1103 3435 1245 3523 Quintus
1261 3436 1406 3505 MAXt-

338 3570 424 3626 mus,
448 3546 530 3611 inira
554 3544 708 3611 ROMA.
844 3534 850 3545 ’

387 3660 442 3724 Est
468 3658 580 3724 itidem
611 3659 705 3724 semis
727 3656 867 3724 eiusdem
887 3660 1058 3750 temporis,
1078 3673 1114 3727 ut
1134 3661 1245 3729 Riceiu
1265 3664 1407 3754 scripsit,

342 3785 483 3841 attamen
502 3772 609 3862 lapsus
629 3784 677 3839 est
695 3770 767 3849 ille,
791 3771 824 3836 ni
840 3771 951 3852 fallor,
974 3786 1120 3853 uamaut
1136 3798 1201 3840 uon
1221 3777 1294 3843 satis
1308 3797 1406 3843 aceu-

343 3899 410 3955 rate
436 3908 510 3951 eum
531 3884 720 3965 delineavit,
743 3897 798 3949 aut
823 3908 916 3953 eurus
937 3898 985 3952 est
1008 3899 1081 3977 post
1107 3888 1209 3977 legem
1231 3888 1412 3979 Papiriam,

341 4024 417 4069 uam
449 3996 636 4086 magnitudo
674 3997 800 4067 eadem'
819 4010 866 4064 est
903 4022 985 4089 quae
1022 4001 1198 4067 semissium
1229 4000 1407 4071 seeundum

341 4111 480 4178 eundem
500 4125 512 4161 ⁵
533 4123 603 4201 post
626 4111 716 4177 iilam
739 4111 842 4201 legem
866 4113 1073 4202 signatorum.

368 4307 389 4373 ¹)
406 4308 445 4359 cf.
469 4307 531 4373 Cap.
552 4322 592 4356 rrr
615 4309 630 4371 ξ
655 4311 719 4357 1-3
742 4308 817 4358 huius
839 4308 924 4368 Libri,
947 4325 971 4373 p.
994 4313 1142 4361 356-358.
1211 4307 1232 4376 2)
1250 4311 1415 4377 Marquurdt,

332 4390 526 4448 113οΑ0111
544 4406 571 4445 11·
587 4407 611 4456 p.
624 4397 655 4441 14
664 4410 691 4445 n.
701 4397 743 4443 50.
796 4390 816 4458 5)
833 4392 900 4443 Rieu.
910 4394 960 4443 tub.
969 4394 1041 4446 LVI.
1052 4400 1077 4445 5.
1116 4394 1149 4462 ’4)
1168 4396 1377 4449 ΒΜἈΜΝΙ.
1388 4401 1414 4448 8.

331 4477 354 4546 5)
371 4478 436 4528 Tau.
453 4477 545 4538 LXX,
562 4474 631 4525 semis
647 4475 686 4526 del
700 4494 757 4543 peso
774 4476 800 4526 di
816 4493 896 4527 mem
912 4475 986 4528 orteia.
