3212 5294
524 458 545 538 ᾗ
571 459 615 517 10.
638 474 747 517 cossus
769 457 825 516 ΙΙΙ,
846 457 915 520 446.
1193 459 1253 520 259

181 650 228 714 his
248 649 365 715 lamam
385 649 600 741 depopulatae
624 651 759 742 Apuliae
778 651 835 716 illo
854 673 953 730 anno,
976 652 1068 742 quod¹
1080 652 1248 744 haudqua-

183 785 278 854 quam
299 765 469 830 rerisimile
487 777 551 845 est,
568 788 643 830 nam
666 764 714 831 rel
727 764 787 830 hoo
801 787 885 830 anno
897 765 930 830 in
951 766 1054 831 media
1074 764 1247 856 Campania

183 890 249 943 erat
273 878 492 968 pugnandum.

227 990 361 1056 Necnon
383 993 451 1056 acie
467 991 621 1081 pugnavit
638 1003 748 1056 eontra
767 991 923 1057 Samnites
941 990 1138 1081 Marsosque,
1157 992 1246 1082 quod

182 1105 339 1196 proelium
368 1129 404 1170 ea
435 1116 558 1170 tantum
584 1103 626 1169 de
650 1126 684 1170 re
709 1104 917 1170 memorabile
940 1117 1003 1183 est,
1027 1104 1114 1194 quod
1135 1118 1248 1171 contra

184 1218 300 1283 Marsos
334 1230 412 1283 tunc
441 1219 581 1309 primum
612 1230 789 1309 pugnatum
821 1220 870 1285 sit.
927 1218 1086 1284 Diodorus
1115 1219 1248 1310 quidem

183 1331 376 1396 contrarium
407 1330 553 1409 tradidit,
585 1330 639 1395 sed
666 1330 762 1420 longe
794 1330 994 1396 verisimilius
1021 1343 1068 1395 est
1090 1329 1249 1396 Samnites

183 1445 282 1511 socios
299 1444 360 1509 sibi
378 1464 576 1534 comparasse
586 1443 704 1509 Marsos
723 1456 754 1508 et
775 1443 921 1533 Pelignos
938 1443 1086 1510 adversus
1098 1442 1248 1521 Romam,

184 1570 218 1621 ut
243 1580 327 1621 anno
354 1569 427 1622 ante
452 1556 611 1621 Etruriam
636 1567 669 1620 et
692 1576 766 1620 mor
797 1554 951 1620 Hernicos
972 1553 1011 1620 ad
1032 1552 1248 1621 delectionem

181 1681 415 1759 permoverunt.
442 1667 593 1759 Suspicor
603 1667 780 1733 Diodorum
796 1669 829 1733 in
845 1690 983 1734 errorem
997 1690 1063 1732 esse
1078 1666 1248 1734 inductum

183 1782 269 1873 quod
290 1782 410 1848 alicubi
430 1782 586 1846 invenerit
614 1780 764 1846 »Marsos
782 1803 857 1846 oum
884 1781 1057 1846 Romanis”
1075 1803 1249 1871 pugnasse,

183 1908 218 1960 ut
246 1896 355 1961 Livius
385 1894 511 1974 scribit,
539 1893 592 1959 sed
622 1916 687 1959 nou
715 1893 874 1960 intellexit
894 1894 1022 1960 Siculus
1042 1895 1098 1960 ille
1118 1916 1170 1958 eos
1191 1893 1249 1958 ad-

182 2031 287 2074 rersus
315 2008 477 2073 Romanos
505 2030 590 2072 arma
621 2008 775 2072 sumsisse.
831 2007 916 2073 Fieri
942 2018 1063 2098 potest,
1093 2019 1129 2071 ut
1154 2006 1250 2072 ambo

183 2122 328 2186 eonsules
356 2121 533 2186 coniunctis
564 2119 663 2210 copiis
688 2119 900 2210 pugnaverint
926 2131 1035 2185 contra
1060 2119 1248 2185 coniunctos

183 2232 304 2312 hostes,
334 2245 369 2298 ut
396 2232 554 2298 Diodorus
578 2255 645 2298 rem
672 2246 816 2312 enarrat,
841 2234 892 2298 oui
914 2233 1018 2298 famae
1037 2233 1152 2297 melius
1171 2253 1249 2296 oon-

182 2347 268 2411 renit
293 2347 423 2412 victoria
444 2346 484 2413 de
504 2347 625 2437 triplici
650 2346 740 2411 hoste
762 2369 860 2437 quam
880 2346 1009 2412 Liviana
1032 2344 1171 2410 narratio
1191 2345 1249 2412 de·

182 2461 290 2549 inceps
318 2458 453 2537 Marsos,
485 2469 555 2523 tum
584 2459 732 2547 Pelignos
762 2458 902 2549 denique
929 2457 1088 2524 Samnites
1113 2457 1251 2523 rietosa
1301 2502 1305 2512 -

182 2571 297 2648 Fabio,
317 2569 394 2635 dum
415 2571 446 2634 io
470 2570 597 2634 Etruria
614 2567 759 2659 degebat.
801 2569 913 2634 Fracta
930 2568 1027 2657 igitur
1043 2570 1076 2633 in
1095 2570 1252 2658 praesenti

182 2695 266 2749 statu
294 2682 487 2748 Samnitium
517 2682 685 2762 societate,
713 2682 874 2772 expeditio
895 2681 1043 2747 adversus
1065 2682 1183 2748 Tuscos
1204 2697 1252 2749 est

184 2807 326 2885 suscepta
355 2818 374 2859 a
405 2795 555 2860 Romanis
580 2818 688 2884 agrum
712 2794 907 2861 Umbrorum
930 2795 1145 2884 transgressis,
1169 2818 1252 2886 quae

182 2922 291 2999 postea
312 2931 406 2974 eausa
429 2908 491 2973 luit
511 2907 701 2974 rebellandi.
748 2907 865 2972 Decius
883 2907 1165 2998 Tarquiniensibus
1182 2908 1252 2974 fru-

179 3034 326 3086 mentum
355 3020 537 3111 imperarit,
562 3020 809 3086 Volsiniensium
830 3020 961 3086 castella
993 3020 1117 3111 aliquot
1146 3023 1251 3112 cepit,

181 3156 319 3225 quorum
336 3133 430 3198 unius
452 3145 577 3200 tautum
596 3156 711 3199 nomen
729 3134 864 3199 servarit
880 3132 1040 3199 Diodorus
1058 3135 1093 3198 τὸ
1114 3134 1251 3215 Κάπριον

180 3248 321 3330 φρούριον
350 3266 482 3336 nempe;
512 3257 545 3310 et
574 3245 618 3310 sic
643 3257 813 3335 postquam
833 3244 906 3309 satis
928 3244 1055 3308 terroris
1075 3244 1195 3310 circum
1218 3269 1250 3312 se

180 3360 315 3437 fecerat,
331 3358 443 3423 foedus
455 3358 488 3423 in
499 3362 541 3422 40
552 3381 651 3423 annos
672 3358 881 3447 impetrarunt
893 3356 1003 3436 Tusci,
1013 3356 1100 3446 quod
1113 3357 1250 3448 Tarqui·

180 3471 344 3538 aiensibus
363 3490 549 3536 concessum
571 3470 679 3536 scribit
698 3469 873 3548 Diodorus,
892 3467 969 3533 dum
987 3469 1098 3535 ceteris
1122 3493 1249 3538 annuae

180 3596 256 3650 sunt
284 3604 450 3651 concessae
478 3584 639 3663 indutiae,
671 3583 864 3675 stipendium
889 3582 1058 3660 ereroitui,
1089 3582 1130 3647 ab
1156 3582 1247 3650 lroste

179 3718 314 3788 pensum
344 3697 377 3762 in
405 3697 493 3764 hune
520 3721 640 3764 annum
668 3710 700 3763 et
723 3697 818 3763 binae
838 3697 964 3762 tunicae
983 3697 1017 3761 in
1038 3696 1173 3763 militem
1193 3720 1249 3764 ex·

180 3824 281 3878 actae.

228 3923 320 3990 Tune
341 3924 456 3992 Umbri
475 3924 678 4003 defecerunt,
694 3947 774 4015 quos
790 3923 932 3989 taederet
948 3923 1167 3990 Romanorum
1188 3925 1249 3990 iter

179 4060 238 4128 per
260 4059 348 4103 suam
369 4050 485 4104 terram
514 4040 548 4103 in
575 4038 750 4117 Etruriam,
773 4038 833 4101 nisi
852 4037 935 4102 forte
955 4036 1146 4102 Samnitium
1165 4038 1248 4103 inci·

179 4163 339 4229 tomento,
363 4153 419 4242 qni
439 4174 539 4242 quum
560 4152 711 4217 Etruscos
732 4172 863 4242 quoque
879 4149 919 4216 ad
939 4148 1154 4216 defectionem
1171 4172 1246 4240 per·

180 4276 362 4342 moverent,
396 4287 513 4354 magno
543 4265 682 4331 exercitu
709 4264 887 4355 composito
915 4263 1088 4328 noluerunt
1113 4262 1247 4339 Decium

180 4378 213 4443 in
234 4377 363 4443 Etruria
382 4380 498 4444 morari
518 4378 621 4443 statim
641 4379 679 4444 ad
699 4377 944 4471 oppugnandam
962 4377 1097 4442 Romam
1124 4399 1156 4441 se
1172 4399 1249 4466 pro·

182 4490 322 4558 lecturos
352 4493 526 4571 iactantes3
557 4494 670 4582 procul
700 4492 799 4559 dubio
829 4492 904 4558 huic
936 4490 1110 4556 narrationi
1142 4489 1249 4555 subest

1046 4595 1111 4661 17*
