3212 5294
303 461 365 524 220
447 476 475 520 η.
488 472 590 518 rimus
601 474 632 517 u.
644 474 672 521 r.
684 472 715 518 u.
728 473 757 517 u.
768 453 951 538 surro(30).
967 453 1028 537 §l
1046 473 1156 519 consur
1168 455 1237 519 507.

303 654 416 721 miloar
443 653 576 732 veritus,
612 674 653 718 ne
681 649 862 741 Drepanum
889 649 1007 716 Fabius
1034 650 1229 731 adoriretur,
1260 651 1377 718 Roma-

301 791 361 834 nos
381 790 444 833 non
464 768 626 857 aggressus
646 776 708 844 est,
725 763 842 830 Fabius
860 763 990 829 Peliada
1007 786 1080 830 oum
1103 765 1280 830 continenti
1298 765 1373 831 iun·

301 879 362 957 ait,
387 899 452 967 quo
473 874 597 940 facilius
623 873 805 964 Drepanum
826 874 1025 955 obsiderent,
1057 877 1148 942 ouius
1171 875 1258 942 urbis
1290 876 1375 943 obsi·

303 991 357 1057 dio
377 988 418 1055 ed
439 990 538 1054 finem
559 987 638 1054 belli
656 986 857 1079 perduravit,
883 1001 1028 1079 utsupra
1048 1002 1056 1040 ¹
1085 990 1148 1056 iam
1171 987 1293 1054 dictum
1314 1003 1372 1058 est.

347 1104 496 1170 Lustrum
519 1101 582 1167 hoo
601 1123 686 1166 anno
703 1110 716 1149 ²
736 1100 900 1168 conditum
921 1113 969 1167 ert
984 1101 1169 1181 XXXVIII,
1190 1124 1283 1167 oeusa
1298 1116 1372 1169 suut

303 1219 446 1297 251,222
473 1216 593 1306 capita3
624 1215 682 1306 qui
711 1237 862 1281 numerus
883 1238 900 1280 a
919 1213 1129 1305 praecedente
1156 1215 1259 1280 lustro
1278 1215 1370 1282 ralde

302 1330 423 1409 differt,
439 1331 503 1395 iam
519 1329 727 1419 quadraginta
746 1327 850 1394 millia
869 1329 986 1394 sirium
1002 1327 1175 1394 abstulerat
1192 1339 1281 1396 atrox
1298 1329 1370 1394 bel·

302 1445 369 1509 lum
392 1465 450 1534 per
474 1414 627 1509 bannos.

345 1554 508 1622 Deductae
531 1567 543 1605 ³
570 1566 645 1620 suut
665 1554 809 1620 roloniae
829 1553 927 1633 duae,
960 1554 1082 1621 Alsium
1106 1553 1264 1620 maritima
1286 1566 1368 1645 quae

300 1669 341 1733 ab
371 1667 466 1735 Ostiis
500 1672 541 1734 16
571 1667 672 1734 millia
707 1690 857 1758 passuum
877 1666 993 1747 distet,
1025 1679 1057 1733 et
1083 1667 1199 1732 Iesula
1221 1669 1255 1732 iu
1276 1666 1367 1733 Latio

300 1781 404 1849 media
428 1783 511 1847 inter
535 1780 635 1848 Tibur
658 1792 689 1847 et
713 1782 892 1848 Praeneste.

742 2000 920 2014 ’-

693 2149 877 2223 CAPUT
907 2149 975 2223 III.

471 2312 602 2361 urucas
624 2312 743 2361 ramus
766 2313 799 2360 u.
823 2312 853 2359 r.
876 2311 911 2360 rr.
936 2312 965 2359 rr.
990 2311 1096 2363 norro
1122 2295 1201 2383 (31).

645 2460 671 2543 =§
697 2457 724 2521 l.
776 2450 901 2519 Consul
923 2456 998 2520 509.

529 2607 567 2656 Μ.
585 2606 714 2655 FABIUS
727 2606 766 2656 M.
785 2607 815 2655 F.
835 2607 870 2656 M.
889 2607 923 2655 Ν.
941 2605 1060 2654 Burro
1076 2601 1096 2653 ⁴.

531 2691 559 2738 0.
576 2690 717 2740 ATILIUS
731 2691 763 2740 A.
782 2691 811 2740 F.
829 2691 859 2740 A.
877 2692 913 2739 N.
930 2690 1073 2738 Buuuuu

340 2803 414 2871 Non
434 2803 536 2869 multa
554 2804 760 2869 memoranda
778 2803 826 2871 his
845 2802 1028 2870 consulibus
1048 2802 1249 2882 acciderunt,
1274 2803 1360 2871 unde

294 2919 431 2985 Zonaras
453 2928 466 2964 ⁵
496 2914 636 2999 διάφοροι
659 2917 842 2984 ὑπάτευσαν
857 2918 940 2983 οὐδὲν
961 2915 1096 2998 ἱστορίαις
1119 2916 1205 2993 ἄξιον
1221 2915 1362 2999 πράξαν-

294 3056 367 3107 rem
393 3028 480 3121 quod
501 3029 626 3095 etiamsi
644 3030 783 3096 Zonarae
803 3029 909 3120 potius
926 3029 1110 3106 tribuerim,
1139 3051 1234 3119 quem
1252 3028 1361 3096 taede-

294 3143 363 3222 bat,
393 3143 514 3233 opinor,
543 3142 665 3207 miuora
694 3141 752 3207 ista
771 3140 893 3231 proelia
913 3140 946 3205 in
966 3140 1128 3231 epitomen
1151 3139 1309 3231 recipere,
1340 3169 1358 3209 a

293 3279 368 3325 nero
386 3278 450 3322 uon
474 3255 613 3320 multum
631 3255 740 3321 abesse
758 3253 870 3333 eredo,
891 3277 966 3319 nam
985 3253 1025 3317 ab
1043 3275 1125 3317 anno
1145 3257 1208 3319 507
1230 3252 1270 3318 ad
1292 3260 1358 3321 512

291 3370 341 3435 rix
360 3367 536 3459 quidquam
554 3367 761 3435 memorabile
781 3379 905 3457 gestum
924 3377 988 3446 est;
1009 3389 1112 3455 neque
1127 3367 1267 3433 multum
1283 3380 1359 3435 turre

292 3493 439 3576 poterant
457 3482 610 3559 Romani,
641 3481 762 3572 quippe
784 3480 841 3571 qui
860 3478 1002 3546 exhausti
1021 3501 1080 3569 per
1101 3480 1268 3547 continuas
1288 3482 1358 3547 ola-

291 3594 347 3662 des
368 3608 400 3661 et
416 3594 581 3685 naufragia
600 3606 726 3686 tempus
745 3593 891 3660 terebant
908 3591 1085 3659 obsidendo
1103 3593 1198 3659 urbes
1214 3592 1358 3676 Siciliae,

289 3708 367 3774 dum
404 3706 678 3798 Carthaginienses
708 3730 778 3774 oras
808 3707 919 3773 Italiae
952 3705 1243 3797 depopularentur,
1273 3732 1358 3799 quae

289 3820 397 3888 omnia
422 3819 520 3886 verbo
542 3820 681 3911 attigisse
705 3820 840 3909 Polybio
864 3821 937 3887 satis
962 3841 1028 3885 esse
1051 3817 1228 3887 ridebatur.

333 3935 462 4002 Praeter
488 3933 681 4000 ooloniam⁸
711 3933 871 4024 Fregellas
906 3932 1076 3999 deductam
1103 3933 1165 3999 boe
1195 3957 1279 4001 anuo
1307 3937 1355 4002 nil

286 4060 410 4138 gestum
439 4069 506 4113 esse
534 4048 670 4128 seimus,
700 4071 772 4113 narn
793 4070 876 4138 quae
896 4047 1011 4113 Florus
1030 4059 1043 4097 ⁷
1071 4048 1104 4113 iu
1127 4046 1214 4114 huno
1232 4072 1353 4115 aunum

286 4160 416 4240 retulit,
446 4161 479 4225 in
508 4159 594 4225 aliud
616 4173 742 4252 tempus
761 4159 934 4228 reiieienda
956 4172 1040 4226 sunt.
1087 4161 1189 4228 Locus
1213 4162 1267 4228 bio
1287 4174 1352 4229 esta

312 4356 333 4424 ¹)
350 4357 389 4411 cf.
399 4358 433 4420 Q.
441 4358 506 4409 Piot.
515 4357 604 4422 fragm.
622 4357 752 4421 XXXIV,
766 4376 790 4425 p.
804 4365 860 4411 193.
922 4356 943 4423 ²)
960 4360 1096 4425 Lindpb.
1108 4358 1186 4411 XIX.
1247 4357 1269 4428 ὅ)
1284 4362 1353 4412 Vstt

278 4444 335 4494 Par
353 4444 377 4493 Ι.
398 4449 429 4493 14
445 4444 461 4506 5
475 4446 501 4491 8.
552 4440 573 4507 ⁴)
590 4442 658 4494 Fust
676 4442 737 4508 Cep.
746 4444 774 4494 h.
783 4461 820 4506 a.;
837 4445 906 4496 utor.
916 4446 951 4496 11.
963 4452 977 4495 2
989 4447 1046 4509 §80
1053 4468 1060 4507 ς
1078 4444 1201 4506 Cassiod.;
1219 4445 1357 4507 An.Nur.;

279 4527 407 4583 russie.
435 4523 595 4595 ⁵tvn1.1u.
629 4524 791 4595 nulnum
807 4529 1063 4591 X1X3vstl.1²rt.1.
1075 4531 1163 4597 laps.
1196 4528 1356 4599 dumoso.
