3194 5302
351 459 390 520 52
440 476 471 520 u.
492 476 594 519 rrarus
615 477 643 520 u.
663 476 692 519 r.
712 471 872 519 vruunruus
892 456 948 537 (t).
979 454 1051 536 §2
1071 469 1181 515 cousuu
1202 453 1243 513 11.
1263 451 1339 515 274.
1436 543 1439 552 Ι

360 654 439 718 tium
451 676 564 719 marrus
574 651 833 730 circumdederit,
849 650 1020 741 gladioque
1029 673 1086 742 per
1095 660 1206 741 pectus
1218 648 1336 714 Tuscus
1348 647 1423 738 qui-

362 764 434 831 dam
455 768 654 832 transfixerit.
687 765 791 831 Huius
806 765 851 831 rei
866 764 1000 829 simulac
1018 764 1117 829 frater
1134 762 1202 829 eius
1221 762 1338 830 certior
1357 761 1427 827 lae·

363 890 414 944 tus
440 891 502 957 est,
531 880 598 970 ipse
617 880 663 945 ira
683 879 811 944 inflatus
830 877 1048 943 Romanorum
1069 876 1191 942 animoa
1208 874 1367 953 incendit,
1389 873 1425 938 iu

363 992 550 1058 memoriam
570 990 749 1058 revocando
766 989 844 1080 quid
865 991 959 1055 iurati
979 1002 1090 1067 evaut;
1108 988 1152 1054 sic
1171 1011 1236 1054 nou
1258 988 1326 1054 siue
1342 987 1429 1053 Kae-

364 1106 447 1170 sonis
477 1128 538 1196 ope
563 1106 729 1195 proelium.
743 1126 801 1194 pro
822 1103 878 1168 illa
898 1116 989 1192 purte
1007 1102 1190 1168 restitutum
1210 1113 1265 1167 est.
1314 1101 1367 1166 Ab
1381 1100 1428 1165 al-

366 1229 435 1282 tero
453 1241 528 1284 vero
547 1240 647 1283 cornu
662 1217 773 1284 eadem
795 1216 862 1282 lere
880 1216 941 1283 luit
961 1215 1089 1282 fortuna
1103 1228 1132 1293 ¹,
1156 1238 1231 1281 nam
1250 1214 1431 1305 superiores

365 1343 455 1395 erant
475 1329 582 1396 hostes
599 1342 631 1396 et
651 1331 785 1420 impigre
800 1329 918 1395 milites
934 1328 1136 1418 pugnabant,
1152 1349 1251 1418 quum
1272 1325 1428 1391 Manlium

364 1442 568 1509 vulneratum
598 1465 634 1507 ex
658 1442 780 1533 proelio
803 1440 969 1506 cedentem
990 1441 1152 1519 videreut;
1184 1438 1300 1505 Fabius
1322 1450 1430 1503 tamen

364 1554 417 1621 bic
439 1578 568 1647 quoque
588 1579 655 1622 rem
677 1557 864 1622 inclinatam
881 1578 946 1621 nou
964 1555 1033 1621 sine
1052 1555 1172 1620 maiore
1188 1554 1301 1620 virium
1321 1553 1431 1618 inteu-

366 1670 453 1733 tione
470 1667 617 1733 restituit.
658 1666 751 1731 Tusci
774 1689 847 1731 vero
867 1678 1039 1756 utrumque
1057 1665 1221 1731 consulem
1242 1666 1342 1730 ictum
1362 1684 1432 1728 esse

366 1779 532 1846 credentes
553 1780 616 1844 iam
636 1779 676 1844 ad
697 1789 797 1845 castra
814 1779 1027 1870 oppugnanda
1046 1779 1249 1844 subsidiarios
1266 1800 1339 1843 suos
1352 1775 1430 1841 mit·

364 1905 457 1970 tunt,
490 1915 571 1984 quae
601 1917 618 1958 a
646 1892 803 1984 praesidio
831 1894 983 1960 castrensi
1010 1917 1076 1959 nou
1096 1894 1169 1959 satis
1187 1893 1316 1959 defensa
1336 1912 1433 1981 prae·

365 2004 462 2070 dandi
497 2006 604 2070 locum
640 2004 814 2086 dederuut3
847 2005 934 2096 quod
965 2029 1067 2098 quum
1096 2007 1218 2073 Manlio
1245 2005 1431 2071 nuntiatum

366 2131 462 2199 esset,
496 2120 529 2183 in
561 2131 661 2185 castra
688 2118 782 2186 rediit
813 2118 958 2185 hostibus
979 2120 1061 2187 viam
1082 2119 1242 2188 claudens.
1282 2117 1433 2184 Atrocius

363 2232 522 2323 proelium
543 2245 621 2298 tunc
641 2243 764 2323 gestum
777 2244 824 2297 est
843 2233 877 2297 iu
893 2255 958 2323 quo
975 2232 1114 2299 Manlius
1130 2232 1262 2312 cecidit,
1279 2244 1312 2297 et
1328 2232 1434 2296 vieto·

363 2368 412 2410 res
433 2343 506 2409 inde
524 2345 588 2409 iam
607 2345 850 2411 revertebantur
871 2345 980 2425 Tusci,
1010 2365 1109 2436 quum
1129 2368 1193 2410 uua
1216 2356 1306 2435 porta
1326 2366 1434 2410 erum·

363 2469 475 2548 pentes
494 2457 527 2522 in
549 2457 683 2523 Fabium
707 2457 908 2535 incidebant,
929 2481 947 2523 a
968 2480 1033 2548 quo
1051 2458 1126 2523 victi
1147 2470 1219 2523 sunt
1241 2468 1337 2548 atque
1357 2455 1433 2521 fusi.

365 2570 419 2636 Sic
439 2570 570 2636 victoria
587 2582 677 2659 parta
698 2582 763 2650 est,
791 2570 958 2661 permultis
978 2571 1090 2649 caesis,
1116 2569 1291 2636 dummodo
1310 2592 1347 2634 ea
1369 2568 1435 2635 vic·

368 2683 448 2748 toria
470 2683 533 2748 dici
553 2684 667 2773 possit,
687 2707 761 2748 nam
782 2695 851 2749 turn
873 2685 906 2749 iu
927 2685 1051 2774 proelio
1071 2696 1139 2749 tum
1159 2682 1197 2749 ad
1218 2695 1320 2749 eastra
1337 2705 1437 2773 supe·

366 2797 464 2862 riores
485 2794 634 2860 nonnihil
656 2794 752 2861 fuisse
774 2796 891 2862 Tuscos
912 2798 1100 2866 nominatim
1123 2808 1294 2876 testantur3
1317 2796 1437 2861 Fabius

366 2908 483 2974 virtute
501 2931 556 2973 sua
573 2908 694 2985 effecit,
713 2921 749 2974 ut
769 2910 891 2999 proelio
907 2910 1122 3002 redintegrato
1140 2910 1277 2976 Romani
1295 2932 1359 2974 non
1375 2907 1437 2974 de·

366 3022 583 3098 vincerentur,
614 3033 753 3087 attamen
778 3045 919 3089 reversus
941 3024 1067 3089 nullum
1089 3023 1289 3114 triumphum
1308 3022 1438 3088 duxisse

367 3133 483 3200 diserte
511 3133 663 3213 traditur;
694 3135 779 3224 quod
802 3136 949 3227 equidem
974 3137 1121 3203 fortunae
1143 3137 1291 3203 adversae
1312 3134 1439 3201 tribue·

366 3246 442 3325 rim,
474 3246 610 3311 Romani
630 3259 737 3313 autem
765 3249 811 3328 ei,
839 3248 926 3340 quod
950 3262 1082 3341 propter
1103 3250 1207 3317 fratris
1227 3249 1440 3339 collegaeque

366 3371 503 3424 mortem
522 3358 639 3424 Fabius
657 3362 796 3427 noluerit
815 3362 956 3430 lauream
981 3365 1140 3456 accipere;
1167 3364 1200 3428 in
1221 3375 1360 3453 utroque
1380 3360 1438 3427 fu·

368 3495 444 3537 uere
463 3472 581 3537 exstitit
603 3486 710 3540 noster
730 3475 878 3541 laudator
897 3477 1018 3569 populo
1035 3477 1229 3567 gratissimus
1250 3488 1317 3541 tum
1338 3495 1439 3565 prop·

371 3597 420 3650 ter
448 3585 628 3662 victoriam,
656 3599 723 3652 tum
745 3587 832 3677 quod
853 3588 975 3654 saucios
994 3589 1112 3655 milites
1130 3587 1275 3680 patribus
1295 3585 1442 3652 diviserit

369 3700 526 3765 curandos
545 3698 606 3765 sibi
624 3699 769 3790 plurimis
788 3702 964 3770 reservatis.

414 3810 599 3877 Secundum
612 3853 616 3862 -
629 3812 816 3901 Dionysium
847 3827 921 3880 ante
950 3814 1031 3880 duos
1050 3836 1173 3881 meuses
1199 3837 1231 3881 se
1251 3815 1441 3905 magistratu

372 3924 531 3991 abdicavit
558 3925 682 3991 Marcus
702 3938 808 3993 noster
828 3927 966 3993 vulneris
984 3949 1076 3993 causa
1096 3951 1162 3993 non
1182 3926 1302 3993 diutius
1320 3926 1442 4017 magis·

373 4050 457 4103 tratu
478 4038 659 4117 functurum
682 4039 768 4128 quod
789 4040 814 4105 si
833 4053 897 4120 est,
920 4041 1022 4106 caruit
1044 4040 1223 4131 respublica
1243 4039 1441 4107 consulibus.

372 4151 457 4216 llinc
487 4149 582 4216 credo
606 4149 796 4239 Dionysium
816 4165 870 4217 aut
893 4175 988 4243 quem
1008 4153 1065 4218 ille
1085 4165 1213 4219 secutus
1233 4166 1279 4219 est
1302 4174 1444 4232 errasse,

372 4284 446 4327 narn
475 4261 638 4352 subiungit
667 4262 797 4353 quidem
824 4263 985 4354 sequentis
1013 4265 1089 4330 anni
1115 4263 1260 4332 consules
1279 4263 1320 4329 ab
1338 4264 1450 4332 inter·.

404 4505 424 4571 ¹)
442 4506 529 4556 Front.
549 4501 626 4556 Siras.
644 4506 678 4557 Il.
700 4509 712 4557 ⁷
732 4507 744 4572 d
764 4512 804 4558 ll.
