3194 5302
324 455 364 517 28
458 472 637 525 cateruam
649 475 677 518 a.
689 455 919 538 vaanenu).
960 457 1021 538 51.
1042 458 1188 519 corsunl.
1203 457 1273 520 269.
1344 494 1354 503 =

327 647 414 739 quod
444 650 549 715 statim
579 649 723 740 sequitur
749 660 949 740 »postquam
975 649 1063 716 illam
1083 661 1274 741 potestatem
1294 648 1396 740 depo,

325 762 407 828 suit'‘
418 763 569 842 ostendit,
585 763 711 829 cuinam
728 785 869 828 errorem
886 761 1073 843 debeamus3
1088 776 1175 829 recte
1186 763 1393 831 novissimum

325 875 391 940 eius
409 875 564 942 editorem
585 875 621 943 Ο.
638 875 760 967 Kempf
774 874 860 941 idern
880 876 1060 942 observasse
1080 876 1181 942 rideo.
1232 876 1301 942 tlia
1320 889 1393 943 sunt

324 988 356 1052 in
377 988 433 1053 illa
453 987 554 1067 lema,
579 1011 661 1079 quac
685 988 786 1070 fidem.
804 1001 969 1079 superant,
1000 1012 1082 1080 qnae
1101 1011 1203 1080 quum
1222 988 1393 1077 Dionysius

324 1112 410 1166 recte
440 1101 590 1193 explosit,
614 1100 844 1192 supersedeb03
873 1102 917 1166 sic
942 1103 1026 1168 male
1049 1101 1139 1168 locus
1159 1102 1199 1168 de
1219 1094 1318 1169 Cassii
1337 1125 1394 1193 pa-

323 1226 371 1279 tre
400 1212 465 1278 huc
493 1213 608 1303 pedem
639 1214 767 1293 intulit,
790 1214 854 1281 sire
884 1239 922 1280 cr
948 1217 1036 1281 Bruti
1066 1215 1197 1282 historia
1223 1215 1392 1307 repetitus,

325 1350 421 1418 quam
448 1327 561 1392 annuit
583 1326 728 1393 Valerius
751 1351 897 1418 quoque,
921 1328 985 1395 sire
1006 1341 1041 1394 ut
1063 1328 1289 1420 Engelbregtl
1322 1328 1393 1419 upi-

322 1451 417 1505 natur
435 1463 472 1505 er
491 1438 526 1506 C.
544 1441 694 1507 Flaminii
712 1442 881 1518 memoria,
899 1441 1008 1508 itidem
1029 1443 1107 1533 logis
1123 1443 1262 1533 agrariae
1281 1452 1393 1507 aueto-

322 1555 380 1634 ris3
407 1576 484 1618 nam
506 1553 666 1645 quidquid
686 1555 802 1621 falsum
828 1554 868 1620 de
889 1553 997 1622 Cassio
1017 1555 1153 1623 relatum
1173 1556 1289 1634 fucrit,
1318 1576 1393 1620 eum

322 1665 362 1732 de
392 1689 467 1756 agro
495 1667 627 1757 publico
656 1667 828 1733 dividendo
861 1669 985 1747 tulisse,
1010 1668 1110 1734 dubio
1134 1681 1266 1735 nonest
1287 1667 1393 1733 obno-

321 1780 419 1847 xium.
466 1780 627 1871 Perpauca
656 1792 762 1847 tamen
793 1782 826 1845 in
856 1782 995 1871 antiquis
1021 1782 1190 1848 annalibus
1219 1781 1259 1848 de
1285 1778 1392 1846 Cassio

320 1893 493 1959 memoriae
522 1917 588 1959 esse
620 1894 750 1972 tradita,
783 1894 928 1984 sequitur
957 1917 994 1959 er
1024 1894 1155 1961 dirersis
1180 1893 1271 1960 famis
1281 1944 1290 1974 ,
1314 1917 1393 1984 quas

320 2005 417 2096 primi
435 2005 598 2072 annalium
620 2019 764 2071 auctores
780 2030 845 2096 quo
865 2007 1001 2097 quisque
1020 2020 1087 2073 erat
1106 2007 1235 2099 ingenio
1250 2006 1392 2096 antiqui·

321 2118 459 2208 latisque
490 2119 622 2184 scientia
650 2120 855 2211 supplerunt,
889 2144 926 2186 cx
956 2121 1088 2187 historia
1114 2123 1267 2188 seriorum
1286 2120 1393 2209 legum

321 2233 513 2322 agrariarum
541 2233 602 2298 alia
629 2233 789 2313 suffurati,
815 2233 877 2299 alia
903 2257 940 2300 er
960 2235 1106 2325 analogia
1126 2235 1329 2309 exhibentes,
1357 2243 1394 2297 ut

253 2400 257 2413 .
319 2343 469 2437 graphice
504 2344 677 2412 admodum
712 2346 802 2412 locus
835 2346 1077 2414 describeretur.
1134 2350 1204 2416 lluc
1232 2346 1393 2437 pertinet,

321 2458 408 2549 quod
430 2482 511 2526 unus
532 2482 605 2526 eum
627 2459 783 2551 apopulo
801 2458 986 2525 damnatum
1010 2461 1185 2551 scripserit,
1209 2460 1289 2527 alter
1307 2482 1324 2523 a
1344 2479 1394 2522 se·

320 2584 416 2650 natu,
441 2573 552 2638 tertius
572 2596 589 2637 a
611 2573 849 2663 quaestoribus,
873 2585 1004 2662 quartus
1024 2573 1164 2665 denique
1186 2575 1227 2639 ab
1247 2575 1315 2666 ipso
1333 2594 1392 2660 pa-

322 2699 386 2764 tre3
410 2698 442 2750 at
461 2685 617 2750 iudicium
639 2685 679 2751 de
698 2686 762 2750 rite
781 2687 911 2776 patricii
929 2687 968 2752 ad
985 2688 1087 2753 curias
1107 2689 1174 2753 istis
1194 2689 1394 2780 temporibus

316 2797 495 2890 pertinebat
515 2797 639 2888 opinor.
672 2796 777 2881 Quum
797 2799 876 2864 alios
897 2798 1076 2866 offenderet
1097 2813 1232 2867 statuam
1250 2825 1287 2867 ex
1300 2802 1392 2866 bonis

321 2908 420 2976 Cassii
442 2922 568 3000 epatre
589 2922 741 2976 sacratam
767 2934 848 2991 csse,
878 2926 1128 3002 supervenerunt
1158 2914 1329 3004 antiquarii
1350 2916 1392 2981 de

321 3022 449 3114 peculio
468 3024 535 3089 eius
554 3024 694 3114 positum
715 3025 839 3114 signum
859 3027 1044 3092 scribentes.
1091 3024 1153 3091 Sed
1173 3039 1292 3092 restant
1312 3027 1392 3092 aliae

322 3136 542 3216 difficultates,
572 3160 651 3228 quas
672 3137 845 3228 antiquarii
864 3161 930 3203 nou
952 3139 1083 3216 tollant,
1114 3141 1205 3228 atqui
1230 3162 1294 3204 non
1316 3162 1393 3206 cau·

320 3274 388 3341 sam
416 3252 571 3341 privatam
601 3250 655 3315 sed
675 3250 838 3341 publicam
864 3250 961 3317 fuisse
983 3275 1056 3317 cum
1078 3252 1168 3318 Lirio
1187 3266 1218 3318 et
1238 3253 1391 3342 Dionysio

321 3363 417 3430 facile
436 3363 637 3429 crediderim.
666 3363 735 3429 lam
755 3356 834 3455 opus
849 3378 917 3431 erat
932 3366 1030 3455 igitur
1049 3366 1271 3457 quaestoribus
1290 3368 1393 3457 parri·

321 3476 413 3556 cidii‚
443 3499 508 3567 quo
537 3499 669 3543 munere
689 3477 793 3543 iuncti
812 3490 885 3545 sunt
905 3479 1007 3544 Kaeso
1029 3479 1147 3544 Fabius
1165 3480 1305 3546 consulis
1326 3479 1391 3545 fra-

321 3603 370 3655 tcr
392 3589 440 3680 (3)
471 3602 503 3656 et
524 3590 561 3657 L.
582 3590 741 3672 Valerius,
774 3613 916 3681 quonam
943 3591 1077 3656 crimine
1098 3591 1138 3656 ab
1160 3591 1209 3658 his
1229 3604 1392 3658 accusatus

321 3703 435 3782 fuerit,
456 3703 506 3770 rel
528 3703 590 3794 ipsi
611 3703 746 3769 Romani
766 3705 969 3783 nesciebant,
997 3704 1073 3770 bine
1097 3705 1218 3772 diversa
1239 3709 1393 3786 afferunt,

322 3840 404 3908 quae
432 3815 517 3881 haud
549 3816 732 3882 verisimilia
761 3816 925 3898 ridentur3
954 3819 1212 3909 constatlcgem
1239 3822 1393 3911 agrariam

322 3952 388 3995 esse
407 3929 504 3995 latam
526 3953 545 3994 a
566 3928 689 4010 Cassio,
713 3944 977 4022 propterquam,
1005 3945 1040 3997 nt
1065 3933 1262 4025 quicumque
1283 3947 1394 4026 postea

322 4065 391 4109 eam
412 4035 566 4109 rem'ausi
587 4056 677 4123 suat,
697 4057 801 4110 morte
819 4068 937 4137 poenas
957 4045 1066 4132 dedit,
1085 4070 1151 4112 noa
1175 4059 1296 4113 tantum
1317 4071 1392 4141 pro·

323 4168 373 4222 ter
391 4154 545 4221 invidiam
566 4179 647 4247 quae
666 4157 722 4222 tali
742 4158 805 4248 legi
825 4159 933 4223 iuncta
951 4172 1012 4238 est,
1040 4183 1149 4227 rerum
1175 4174 1307 4253 propter
1329 4162 1394 4227 alia

323 4267 486 4360 parricidii
514 4269 647 4335 crimina
677 4293 695 4334 a
724 4270 945 4361 quaestoribus
972 4272 1033 4337 nisi
1061 4274 1144 4340 forte
1171 4275 1212 4340 ab
1234 4273 1392 4342 historicis

353 4527 372 4597 ¹)
390 4528 431 4580 De
448 4528 530 4598 Legit.
550 4546 632 4597 opror.
651 4538 707 4582 erite
726 4527 828 4586 Graeca.
847 4548 872 4599 p.
891 4536 937 4596 59,
958 4537 1015 4583 tut.
