3154 5294
345 447 403 508 102
434 464 462 508 ru
473 460 577 507 rietus
587 462 619 508 rr.
630 463 657 505 r.
668 461 696 513 o.
709 459 736 503 u.
748 455 898 502 aurursus
918 437 1016 522 (lt).§
1027 440 1056 502 2.
1068 457 1145 502 reta.
1159 459 1222 504 uu.
1233 445 1258 505 1.
1270 444 1340 508 360.

353 642 399 708 nil
418 653 544 733 poterat
571 639 634 706 hoe
650 660 751 716 anuo,
775 658 875 727 quum
894 633 989 726 plebs
1007 633 1047 700 ad
1071 635 1254 703 consulatus
1273 638 1420 709 noudum

353 756 517 848 pervenire
536 763 677 845 poterat,
692 748 779 841 quod
792 748 842 817 rel
851 771 909 838 per
919 752 962 817 43
982 768 1081 815 anuos
1097 747 1214 819 frustra
1231 751 1334 827 annisi
1347 763 1423 827 suut

355 868 483 960 plebeii.
1266 888 1270 895 ·

582 1035 601 1118 ς
626 1034 657 1097 2.
707 1028 875 1095 Tribunus
897 1029 1039 1094 militum
1063 1026 1088 1095 Ι.
1113 1033 1189 1098 350.

451 1211 482 1258 Ν.
500 1205 602 1256 reatus
620 1207 650 1255 N.
667 1205 693 1254 F.
710 1204 738 1268 Q.
757 1204 785 1253 N.
805 1203 977 1252 tuuusuus
991 1200 1011 1253 ¹.

451 1294 478 1344 P.
494 1290 651 1343 contuitus
669 1290 700 1339 N.
718 1290 743 1338 F.
762 1289 793 1338 N.
811 1289 839 1337 N.
857 1289 1120 1341 uttuullvutvulu

451 1378 497 1427 CN.
514 1374 671 1425 CORNELIUS
688 1374 713 1423 1³.
732 1373 757 1423 F.
775 1375 801 1423 t.
820 1374 848 1422 N.
866 1373 982 1423 CONSUS
997 1373 1033 1423 11.

455 1464 507 1513 ΝΡ.
524 1460 681 1510 Nautius
696 1459 748 1508 ΝΡ.
767 1460 798 1508 Ν.
816 1459 868 1508 ΝΡ.
885 1457 921 1508 Ν.
939 1458 1155 1509 iturarum.

456 1547 484 1595 0.
507 1545 681 1595 VALERIUS
695 1546 725 1595 1..
743 1544 772 1594 F.
794 1544 865 1592 VOL.
883 1544 918 1593 Ν.
937 1544 1090 1592 Porrrus
1107 1544 1246 1594 Votusus
1263 1546 1307 1595 ttt.

453 1634 492 1681 M·
509 1629 645 1680 Suetius
664 1629 690 1678 l..
709 1629 735 1678 F.
752 1629 779 1677 L.
798 1628 826 1677 N.
844 1628 1012 1677 FIDENAS.

403 1766 611 1862 Oppuguatio
623 1766 773 1832 Veiorum
786 1763 912 1854 segnior
927 1762 990 1828 fuit
1003 1762 1066 1829 hoe
1082 1786 1167 1830 anno
1179 1777 1208 1844 2,
1228 1778 1318 1857 parte
1336 1791 1427 1835 exer·

358 1885 440 1952 uitus
460 1894 589 1949 aroeata
609 1877 653 1945 ed·
670 1877 823 1944 Volscum
842 1876 984 1955 bellum,
1008 1875 1041 1941 id
1060 1889 1106 1943 est
1127 1879 1212 1944 eirea
1232 1878 1327 1947 Veios
1352 1907 1428 1974 pars

357 2009 482 2064 tantum
503 1994 658 2061 exereitus
679 1991 782 2081 degit,
807 1991 874 2056 sine
900 1988 989 2056 bello
1007 1990 1087 2071 fere,
1112 1990 1190 2058 dum
1209 2014 1282 2059 eum
1303 1993 1430 2063 Volscis

304 2135 307 2140 ·
358 2108 515 2175 bellatum
536 2119 582 2173 est
601 2108 684 2171 inter
704 2105 911 2171 Ferentinum
923 2115 1020 2194 atque
1040 2105 1202 2185 Ecetram,
1227 2107 1314 2198 quod
1333 2133 1429 2200 proe-

358 2223 439 2289 lium
451 2243 551 2314 quum
571 2219 724 2287 Romanis
739 2217 914 2285 seeundum
925 2217 1038 2298 fuerit,
1057 2219 1175 2286 Artena
1198 2220 1273 2291 urbs
1297 2221 1429 2299 Volsoo·

357 2358 430 2402 aum
458 2334 584 2402 obsessa
614 2345 647 2400 et
675 2332 800 2423 impetu
826 2331 913 2401 iacto
940 2354 1014 2397 mox
1040 2344 1132 2423 eapte
1156 2345 1220 2413 est;
1242 2358 1295 2403 arx
1315 2349 1433 2404 natura

359 2460 392 2515 et
408 2446 566 2540 praesidio
586 2446 711 2513 munita
733 2446 806 2536 oapi
821 2467 885 2511 nou
903 2445 1024 2536 potuit,
1053 2468 1160 2513 sersus
1181 2470 1250 2517 eum
1271 2449 1432 2539 predium

361 2561 511 2630 omnibus
531 2560 645 2628 dirutis
664 2559 758 2627 Veios
778 2557 927 2625 reductae
948 2570 1021 2624 suut
1045 2558 1195 2650 legiones.

405 2672 591 2741 Secundum
630 2670 843 2738 Diodorum³
874 2671 1013 2737 Romani
1041 2670 1104 2739 hoo
1129 2694 1215 2741 anuo
1240 2675 1435 2757 προσέθηκαν

359 2788 518 2868 οἰκήτορας
539 2786 570 2858 ἐς
591 2784 783 2865 Οὐελίτραις,
810 2784 862 2849 eui
878 2784 925 2850 rei
944 2806 1036 2851 eausa
1055 2785 1152 2853 fuisse
1171 2786 1296 2855 ridetur
1309 2790 1435 2878 praesi-

362 2898 451 2965 dium
481 2897 679 2963 Veliternum
710 2896 904 2965 firmaudum
932 2910 1065 2989 propter
1086 2911 1239 2967 vastatam
1264 2899 1438 2983 Artenam3

364 3011 490 3078 colonia
510 3011 573 3077 iam
593 3020 661 3077 erat
682 3008 819 3075 deducta
839 3033 923 3076 anuo
943 3014 1008 3078 260
1030 3023 1055 3078 ⁴.

341 3192 347 3199 ,
408 3121 578 3213 Superest,
602 3133 639 3187 ut
660 3143 809 3187 moneam
830 3121 870 3188 de
890 3144 983 3188 versu
1004 3121 1169 3201 Noniano,

523 3235 647 3301 »nouis
666 3234 761 3300 iuriis
781 3234 841 3300 soli
860 3235 938 3300 luna
959 3233 1096 3314 obstitit,
1120 3247 1152 3302 et
1175 3241 1267 3304 uox.”

365 3374 449 3419 auno
462 3347 717 3440 quingentesimo
739 3347 960 3417 trecentesimo
979 3347 1047 3413 fere
1071 3360 1144 3438 post
1163 3348 1298 3416 Romam
1320 3353 1440 3420 eondi-

364 3477 446 3542 tum,
471 3484 508 3529 ex
529 3482 594 3550 quo
614 3458 682 3539 die,
707 3471 742 3529 ut
761 3459 925 3550 subiungit
945 3460 1070 3526 Tullius
1090 3472 1104 3509 ⁶
1129 3463 1305 3553 superiores
1325 3463 1439 3537 deiec-

364 3577 468 3643 tiones
490 3583 654 3664 reputatae
674 3584 764 3651 sunt,
790 3572 949 3662 usquead
969 3573 1058 3640 illam
1084 3596 1166 3664 quae
1184 3575 1275 3641 nouis
1294 3577 1441 3667 quineti-

365 3691 451 3756 libus
471 3688 533 3754 fuit
551 3697 701 3776 regnante
731 3687 887 3768 Romulo,
910 3687 1029 3777 quibus
1054 3689 1183 3779 quidem
1203 3689 1343 3759 tenebris
1360 3715 1440 3762 eum

365 3815 479 3870 natura
498 3799 537 3867 ad
557 3799 735 3869 humanum
753 3801 874 3869 exitum
891 3800 1041 3892 abripuit.
1073 3801 1162 3869 Haeo
1180 3801 1318 3869 defectio
1337 3806 1440 3875 uber·

367 3918 481 3984 rimam
505 3912 688 4004 disputandi
704 3913 869 3980 materiem
891 3913 964 3981 viris
982 3914 1084 3981 doctis
1099 3915 1262 4005 praebuit,
1285 3918 1444 4007 equidem

369 4027 560 4122 supersedeo
582 4049 651 4096 rem
670 4025 874 4118 ohrouologis
895 4039 928 4097 et
947 4028 1137 4095 astronomis
1158 4030 1353 4121 relinquens.

400 4339 421 4406 ¹)
438 4341 507 4391 Fast.
525 4338 586 4405 Cap.
605 4338 631 4388 h.
650 4354 673 4389 a.
693 4345 718 4390 et
735 4343 800 4400 853;
818 4340 875 4392 Liv.
890 4340 938 4391 tv.
954 4344 1001 4399 61;
1018 4339 1093 4392 Diod.
1105 4341 1157 4393 Sic.
1165 4341 1242 4394 XIV.
1255 4349 1299 4404 19;
1316 4343 1369 4395 An.
1377 4345 1450 4397 Nor.

363 4424 384 4491 ²)
401 4426 460 4476 Liv.
473 4425 522 4475 1v.
541 4427 584 4473 61.
636 4420 656 4488 ³)
675 4423 751 4476 XIV.
765 4427 808 4475 34.
870 4421 891 4493 ⁶)
908 4424 965 4477 Liv.
983 4426 1020 4479 IL
1038 4426 1177 4488 ³13Dion.
1201 4427 1262 4479 Hal.
1278 4429 1327 4482 VI.
1349 4433 1383 4480 42
1404 4444 1451 4498 aq.

364 4507 384 4580 ⁵)
403 4512 442 4560 De
458 4523 513 4578 rep.
528 4507 551 4560 1.
571 4511 601 4559 16
620 4507 633 4573 i
652 4511 694 4559 25.
