3154 5294
328 426 386 486 120
447 444 472 486 c.
484 441 586 487 neurus
598 443 707 488 unu.
719 443 747 486 n.
759 422 992 505 aususausssl).
1014 421 1035 505 5
1046 424 1076 484 2.
1086 438 1195 483 cousus
1208 423 1281 484 896:

335 618 458 684 hostem
481 619 650 710 pugnavit,
670 618 750 685 adeo
770 630 805 683 ut
823 621 886 684 307
905 617 1042 683 Romani
1060 618 1145 707 capti
1161 616 1240 695 sint,
1264 616 1320 706 qui
1336 639 1399 681 nu-

335 754 440 797 merus
459 755 535 822 prae
552 732 674 823 ingenti
688 732 746 797 illo
763 754 859 822 quem
876 730 936 822 ipsi
954 730 1100 796 solebant
1119 729 1255 795 Romani
1273 730 1306 794 in
1323 751 1400 820 cap·

336 844 491 910 tivitatem
516 844 688 923 deducere,
717 842 803 911 haud
826 844 872 909 ita
896 866 1027 934 magnus
1049 842 1181 909 ridetur.
1229 842 1400 932 Tarquini·

337 979 427 1022 enses
456 981 529 1023 vero
554 958 626 1023 illos
651 957 691 1022 ad
713 980 814 1023 unum
834 980 944 1021 omnes
961 957 994 1021 in
1013 954 1230 1021 foedissimum
1253 954 1402 1044 supplicii

332 1068 520 1159 ,exemplum
539 1046 793 1134 immolaverunt
840 1066 962 1133 Interea
981 1090 1055 1157 ager
1075 1067 1237 1135 Romanus
1256 1090 1274 1130 a
1294 1066 1403 1133 Tuscis

337 1183 528 1248 vastabatur.
545 1219 590 1235 -
604 1179 689 1246 Nolo
705 1179 790 1245 hanc
803 1180 926 1246 cladem
940 1181 973 1245 in
985 1179 1120 1244 dubium
1137 1202 1263 1258 vocare,
1279 1177 1402 1245 etiamsi

338 1305 524 1383 argumenta
553 1291 685 1372 adsunt,
713 1292 835 1359 mentio
861 1294 945 1359 enim
972 1292 1066 1359 huius
1091 1292 1191 1358 cladis
1208 1305 1305 1383 atque
1327 1314 1402 1358 oru-

338 1407 419 1472 delis
438 1406 585 1472 lacinoris
598 1406 632 1470 in
650 1407 784 1471 transitu
805 1418 929 1472 tantum
949 1407 1001 1484 fit,
1021 1406 1111 1496 quasi
1131 1405 1404 1471 animadversione

338 1519 389 1585 rin
419 1517 553 1608 dignum
582 1530 679 1598 esset;
706 1541 773 1586 non
800 1518 918 1585 dieitur
943 1518 1026 1584 hanc
1053 1519 1095 1584 ob
1118 1540 1245 1584 causam
1266 1517 1404 1583 dictator

340 1644 394 1698 aut
412 1633 551 1697 mittitur
570 1630 609 1697 ad
625 1654 744 1723 poenas
760 1631 942 1710 sumendas,
958 1654 1063 1722 neque
1079 1631 1190 1696 consul
1202 1631 1235 1696 in
1247 1630 1403 1696 iudicium

337 1756 485 1825 vocatur3
513 1745 565 1812 rix
587 1744 697 1813 Livius
725 1745 802 1836 dicit
831 1745 991 1813 Romanos
1014 1746 1073 1810 ista
1094 1766 1187 1834 aegre
1208 1743 1335 1822 tulisse,
1358 1745 1404 1808 ita

316 1864 318 1871 '
337 1870 373 1923 ut
393 1858 507 1948 quinto
528 1857 657 1925 demum
678 1882 762 1924 anno
783 1871 854 1949 post
870 1858 1006 1924 Romani
1022 1858 1055 1923 in
1073 1838 1317 1948 Tarquinienses
1334 1880 1403 1924 sae·

337 1971 470 2051 derint,
502 1995 640 2064 quorum
666 1972 783 2062 captivi
809 1975 874 2037 358
900 1972 933 2036 in
954 1972 1024 2036 loro
1044 1971 1148 2061 capite
1167 1995 1285 2060 poenas
1306 1969 1405 2037 dede·

336 2097 424 2152 runt.
480 2085 723 2151 Eiusdemmodi
742 2083 978 2150 observationes
996 2095 1127 2150 movent
1150 2083 1280 2173 quidem
1301 2084 1404 2174 suspi-

338 2198 479 2277 cionem,
507 2209 648 2264 attamen
677 2197 802 2264 cladem
829 2198 919 2263 istam
948 2196 1033 2263 haud
1059 2197 1254 2286 negaverim,
1279 2220 1351 2263 nam
1379 2197 1404 2262 si

336 2309 460 2401 ahquid
476 2311 638 2376 linxerunt
658 2311 812 2389 Romani,
830 2309 973 2379 ornando
985 2309 1103 2375 lamam
1124 2323 1257 2400 augent,
1278 2311 1304 2376 si
1325 2332 1405 2376 oon·

336 2435 384 2489 tra
405 2446 479 2490 rere
498 2425 620 2515 aliquid
642 2425 772 2503 accidit,
800 2423 897 2489 verbo
921 2424 1026 2489 solent
1043 2421 1077 2488 id
1097 2436 1226 2497 notare,
1247 2424 1339 2489 euius
1358 2424 1405 2488 rei

336 2537 460 2603 honum
488 2539 670 2628 exemplum
700 2539 733 2603 in
761 2537 893 2602 victoria
919 2536 959 2602 de
985 2536 1108 2602 Volscis
1136 2537 1213 2601 anni
1239 2541 1300 2603 311
1326 2536 1405 2603 Nie-

335 2649 471 2716 buhrius
490 2651 634 2741 protulit.
684 2650 786 2734 Quam
806 2651 847 2714 ob
866 2672 993 2717 causam
1016 2649 1117 2715 Fabio
1140 2648 1221 2715 duce
1244 2649 1404 2715 Romanos

338 2775 498 2828 trecentos
528 2763 568 2828 ab
596 2763 737 2829 Etruscis
758 2763 914 2829 interiisse
932 2785 998 2827 non
1022 2761 1152 2839 dubito,
1176 2762 1229 2828 sed
1254 2770 1405 2827 numerus

339 2874 396 2940 ille
419 2876 614 2966 praesidium
634 2875 761 2942 ridetur
782 2898 940 2954 annuere,
964 2875 1028 2941 sire
1048 2875 1205 2941 coloniam
1229 2876 1261 2939 iu
1279 2874 1404 2940 Etruria

337 2987 460 3077 vulgari
489 3010 623 3054 numero
652 2988 829 3055 trecenario
851 2989 1024 3066 munitam;
1048 2987 1224 3055 similitudo
1247 2987 1404 3077 quaedam

340 3100 425 3166 inter
453 3101 514 3167 hoo
544 3102 663 3191 factum
685 3102 855 3168 intercedit
878 3114 911 3167 et
930 3100 1027 3180 illud,
1050 3100 1134 3191 quod
1158 3101 1289 3166 nomine
1306 3101 1404 3166 cladis

341 3212 553 3282 cremerensis
577 3216 732 3294 innotuit,
757 3238 857 3307 quum
878 3214 1012 3280 trecenti
1031 3213 1143 3279 itidem
1165 3214 1303 3280 Romani
1324 3214 1405 3299 duce

340 3327 441 3393 Fabio
468 3329 510 3393 ab
539 3329 681 3395 Etruscis
710 3329 807 3395 deleti
834 3339 922 3406 sunt,
954 3350 1037 3416 quae
1062 3348 1162 3416 quum
1189 3339 1317 3416 reputo,
1340 3346 1405 3392 non

341 3439 491 3507 abhorret
508 3465 525 3506 a
542 3441 685 3508 Romana
703 3442 840 3507 vanitate
856 3440 1008 3530 suspicio,
1027 3441 1059 3505 in
1078 3440 1176 3506 cladis
1194 3439 1407 3506 Cremerensis

341 3552 503 3620 historiam
524 3568 593 3621 tum
613 3579 650 3622 ex
673 3554 763 3621 clade
786 3553 919 3620 Alliensi
939 3565 1008 3619 tum
1025 3576 1063 3618 er
1082 3552 1176 3619 huius‘
1195 3552 1269 3618 anni
1288 3553 1406 3620 scelere

342 3666 463 3758 aliquid
486 3669 645 3758 migrasse.

387 3778 472 3846 Dum
493 3780 574 3847 alter
594 3780 705 3848 consul
726 3803 794 3847 rem
815 3780 946 3870 gerebat
967 3780 999 3844 in
1021 3779 1182 3858 Hernicis,
1207 3780 1291 3846 Galli
1312 3779 1405 3846 Prae·

343 3905 430 3958 nesto
449 3896 576 3961 ssenisse
596 3895 802 3974 nuntiantur3
831 3893 919 3984 quod
939 3892 1045 3959 Latini
1065 3916 1174 3981 pacem
1192 3905 1339 3983 petentes
1356 3895 1406 3959 in-

342 4005 431 4071 ducit
456 4005 564 4072 Lirius
585 4007 630 4072 nil
654 4006 741 4072 aliud
762 4018 822 4084 est,
847 4029 943 4096 quam
962 4004 1097 4087 foederis
1116 4007 1278 4072 renovatio
1299 4008 1406 4097 aequis

340 4142 456 4208 nempe
484 4120 736 4198 conditionibus,
764 4118 937 4185 secundum
966 4118 1054 4208 quod
1077 4118 1269 4184 tenebantur
1287 4119 1406 4208 praesi-

342 4231 432 4297 dium
460 4232 553 4313 dare,
585 4235 665 4300 sicut
692 4256 766 4299 mor
795 4231 921 4299 subiicit
950 4230 1067 4300 Livius.
1115 4230 1230 4297 Gallici
1251 4232 1408 4297 tumultus

339 4367 433 4412 causa
453 4346 639 4412 dictatorem
657 4345 762 4412 dicere
784 4345 906 4436 placuit
926 4343 961 4412 G.
980 4344 1159 4438 Sulpicium
1181 4345 1335 4426 Potitum,
1354 4346 1407 4412 cui

341 4458 383 4528 Μ.
403 4460 550 4525 Valerius
570 4460 717 4550 magister
741 4461 885 4551 equitum
905 4457 1039 4529 additus.
1088 4459 1241 4541 Dictator,
1262 4473 1296 4528 ut
1313 4472 1407 4528 ‘retus
