3154 5294
524 495 700 542 rnacusnan
721 494 878 540 nanterum
1180 483 1238 544 173

217 670 321 763 Supra
345 685 353 723 ¹
389 674 451 738 iam
481 672 542 738 hoc
571 675 786 766 fragmentum
817 676 926 764 attigi,
954 686 986 740 et
1012 673 1166 741 Numerio
1186 675 1238 741 isti

175 784 372 863 abiudicari,
405 788 462 877 qui
490 799 564 853 ante
584 790 721 878 primurn
743 789 906 854 annalium
929 799 1092 854 auctorem
1113 789 1237 855 vixisset

176 909 207 961 et
228 897 354 961 nonnisi
375 896 558 963 coniectura
578 898 747 965 nitebatur.
773 899 879 983 Quum
896 922 969 965 reru
983 900 1139 965 aliunde²
1157 923 1236 967 con·

175 1020 234 1074 stat
254 1008 389 1075 Fabium
409 1011 547 1100 attigisse
567 1010 716 1077 historiae
735 1011 898 1077 Romanae
914 1010 1061 1089 fabellas,
1085 1035 1163 1103 quas
1178 1036 1237 1080 nos

176 1121 280 1186 dicere
300 1121 456 1200 solemus,
477 1134 545 1188 turn
567 1147 638 1190 eum
660 1124 818 1190 induxisse
835 1126 972 1191 Aeneam
989 1125 1198 1192 somniantem
1213 1136 1237 1205 ³,

176 1233 315 1323 denique
344 1233 480 1301 Graecos
502 1237 632 1302 annales
651 1237 692 1302 ab
712 1260 750 1303 eo
771 1260 838 1303 esse
860 1237 993 1328 scriptos
1012 1251 1042 1316 t,
1063 1239 1176 1329 quidni
1198 1238 1237 1304 ad

176 1346 316 1412 eiusdem
352 1371 430 1439 opus
458 1347 544 1415 hune
571 1351 829 1441 qualemcunque
857 1351 964 1417 locum
997 1351 1169 1418 referamus
1198 1351 1238 1417 de

176 1460 310 1525 Troiano
328 1460 474 1526 advena?
500 1460 668 1530 Somnium
690 1467 813 1531 Aeneae
830 1466 964 1531 serravit
983 1463 1087 1531 Cato⁵
1107 1465 1236 1531 fortasse

176 1593 301 1639 necnon
321 1573 455 1654 Fabius,
476 1577 566 1643 cuius
591 1577 699 1642 locum
722 1578 783 1642 iarn
808 1577 995 1644 describam.

175 1795 230 1867 N⁰.
264 1798 321 1865 Ill.
368 1803 441 1884 Περὶ
477 1803 508 1868 δὲ
538 1810 594 1878 τῆς
625 1803 828 1885 προσηγορίας
866 1804 920 1896 (de
954 1802 1083 1871 nomine
1121 1804 1236 1895 albae)

265 1912 383 1988 ταύτης
419 1912 538 1993 Φύβιος
568 1915 581 1978 ὃ
607 1915 667 1988 τας
696 1916 855 1995 Ῥωμαίων
885 1917 1014 1999 erpellere
1042 1920 1237 2002 ύναγρύψας

264 2024 370 2098 σίλλοις
393 2024 642 2105 μεμυύολύγνρκε.
690 2027 768 2103 Φιρσί
795 2028 858 2109 γὰρ
880 2029 989 2114 Αἰνεία
1014 2029 1158 2109 γενέσθαι
1183 2030 1238 2097 tl·
1327 2078 1332 2087 ,

265 2161 330 2216 γιον
352 2139 524 2218 τετράπουν
543 2140 627 2220 αύτῷ
646 2141 878 2218 καύκγύσεσύαι
899 2142 972 2222 τρὸς
990 2141 1090 2206 κτίσιν
1105 2141 1237 2216 τύλευς.

264 2250 433 2328 μέλλοντος
454 2251 578 2316 δἀύτοῦ
598 2250 676 2316 ύύειν
695 2245 729 2314 ύν
749 2249 860 2331 ἔγκυον
878 2253 920 2332 τῷ
941 2254 1089 2333 χρώματι
1107 2254 1238 2329 λευκὴν,

264 2363 415 2444 ἐκφυγεῖν
441 2364 475 2427 ἐκ
500 2368 558 2427 τῶν
585 2364 696 2444 χειρῶν
722 2363 775 2428 καί
801 2364 1054 2445 καταδιωχθῆναι
1077 2364 1150 2446 τρύς
1167 2389 1238 2430 τινα

266 2472 380 2557 λίΦον,
422 2477 494 2558 τρίς
526 2473 557 2541 ὃν
589 2478 789 2555 κομισθεῖσαν
817 2484 919 2542 τεκεῖν
950 2477 982 2541 λ’
1010 2476 1149 2557 χοίρους,
1185 2479 1237 2543 τὸν

265 2587 416 2653 δἈίνείαν
443 2588 515 2653 τότε
546 2586 717 2668 παράδοξον
747 2586 958 2665 ύανμοίσαντα
986 2587 1038 2653 καὶ
1070 2591 1104 2654 τὸ
1132 2589 1237 2668 λύγιον

265 2697 503 2776 ἀνανεούμενον,
527 2699 726 2779 ἐπιχειρῆσαι
748 2699 806 2776 μὲν
827 2697 939 2763 οίκίσαι
962 2699 1013 2763 τὸν
1027 2697 1139 2775 τύτον,
1162 2702 1238 2767 ἰδόν-

263 2832 305 2873 τα
331 2809 362 2873 δὲ
381 2808 466 2873 κατα
487 2809 539 2874 τὸν
564 2808 654 2875 ύτνον
673 2808 744 2890 ὄψιν
766 2811 900 2889 ἐναργῶς
928 2810 1159 2879 διακυκύουσαν
1185 2817 1238 2881 καὶ

265 2920 540 2999 συμβουλεύουσαι
570 2921 656 3001 μετα
685 2922 717 2985 ιί
749 2920 801 2998 ἔτη
841 2920 968 3005 κτίζειν,
1003 2921 1103 3006 ύσττερ
1137 2926 1151 2989 o‘
1179 2933 1238 2994 τῶν

264 3034 435 3113 τεχύὲντυν
456 3033 582 3113 σίριύμὸς
605 3028 657 3107 ἦν,
681 3034 857 3108 οὶτοστῆναι
882 3039 938 3108 τῆς
966 3036 1133 3116 τροίέσεοις
1150 3048 1176 3102 ⁰.

310 3146 384 3211 Post
414 3145 537 3211 Aeneae
566 3157 702 3211 mortem
732 3147 904 3212 Ascanium
927 3145 1031 3213 filium
1052 3150 1119 3214 eius
1140 3173 1238 3240 regno

265 3272 412 3349 accepto,
437 3281 511 3324 cum
532 3260 659 3348 triginta
680 3260 755 3324 anni
773 3259 1024 3348 praeteriissent,
1048 3261 1163 3327 collem
1184 3287 1238 3329 ae·

265 3372 378 3438 dificiis
403 3373 574 3439 munivisse
599 3395 734 3463 eamque
760 3373 872 3439 urbem
895 3373 1010 3438 Albam
1032 3374 1239 3464 appellavisse

266 3485 305 3551 de
334 3486 440 3551 colore
469 3485 547 3565 suis,
584 3485 669 3574 (nam
698 3484 803 3549 Latini
833 3507 886 3550 sua
915 3485 1024 3574 lingua
1047 3486 1102 3560 clau
1125 3491 1238 3564 λευκήν

264 3600 374 3663 olbam
393 3598 539 3687 roeant);
563 3599 697 3664 alterum
718 3622 792 3665 vero
812 3621 928 3664 nomen
948 3599 1135 3689 imposuisse
1149 3599 1237 3665 Lon-

265 3736 352 3802 gam,
383 3712 415 3776 id
444 3725 491 3777 est
514 3710 659 3793 μακροίν,
684 3724 852 3802 propterea
873 3712 958 3801 quod
978 3735 1091 3803 parom
1110 3714 1142 3776 in
1162 3713 1238 3778 lati-

268 3824 410 3891 tudinem
427 3838 539 3916 patens
555 3824 589 3888 in
607 3824 738 3913 longum
754 3848 945 3914 magnopere
962 3837 1106 3915 porrecta
1117 3837 1198 3891 esset
1211 3838 1235 3893 ⁷.

204 4105 223 4173 ¹)
240 4106 277 4158 cf.
295 4107 400 4172 Capru
416 4110 430 4171 §
445 4115 460 4158 3
476 4108 549 4157 huius
563 4108 646 4167 Libri,
660 4122 684 4172 p.
706 4111 849 4156 149-151.
909 4103 929 4170 ²)
948 4106 986 4158 Cf.
1002 4107 1090 4171 fragm.
1109 4106 1241 4170 v-xtt,

164 4184 594 4253 XVI-'XIX‚XX1v-—xxvl.
630 4187 650 4257 ⁵)
668 4190 706 4244 Cf.
716 4191 806 4254 fragm.
815 4192 867 4241 ΠΙ.
902 4189 922 4258 ⁴)
940 4191 978 4242 cf.
988 4193 1077 4256 fragm.
1088 4192 1154 4242 XLI
1162 4193 1208 4258 eat
1219 4196 1242 4244 7.

164 4274 186 4340 ⁵)
207 4277 282 4327 Λυσι.
300 4276 330 4326 da
348 4276 408 4342 orio.
431 4284 493 4342 pent.
512 4273 582 4326 Rom.
604 4281 643 4326 12.
714 4274 735 4342 ὅ)
752 4277 825 4326 Diod.
847 4276 897 4327 sio.
915 4278 980 4328 VII.
996 4282 1011 4327 3
1021 4315 1029 4338 ,
1048 4279 1086 4328 od.
1105 4279 1186 4330 Wess.
1204 4279 1241 4327 ΙΙ.

165 4364 233 4420 137,
248 4363 285 4411 ed.
300 4362 375 4411 Dind.
389 4363 438 4412 IV.
451 4366 511 4421 183,
525 4363 563 4412 ed.
577 4362 674 4411 Teubu.
684 4363 706 4411 Ι.
718 4364 780 4421 507,
795 4376 827 4411 ex
837 4361 949 4425 Syneelli
963 4358 1091 4426 Claroaoqr.
1105 4366 1151 4411 155
1163 4363 1243 4428 (366).

161 4443 184 4511 ⁷)
215 4445 286 4496 naa
313 4447 364 4498 sic.
391 4448 450 4497 rorat.
477 4460 509 4497 ex
536 4447 659 4497 armana
688 4446 790 4496 reusam
819 4447 932 4498 versione
964 4447 1002 4497 aa.
1029 4447 1084 4498 Mu
1110 4433 1174 4508 no,
1204 4447 1243 4496 aa

163 4531 272 4581 Aucher
290 4536 348 4582 387.
