3190 5304
333 451 394 515 402
441 472 469 521 c.
490 467 593 513 santus
615 468 642 518 a.
663 465 733 510 sun.
754 466 782 512 a.
804 466 831 517 e.
854 465 882 511 n.
903 462 1035 508 narrans
1056 460 1272 507 scronuecrcns
1293 445 1368 529 (50).

390 645 536 712 Habebat
558 657 663 711 autem
682 641 768 709 uude
788 642 981 709 luxuriosius
999 642 1096 708 sitam
1113 652 1234 732 ageret,
1250 640 1376 707 Plinius
1393 651 1404 689 t

346 760 433 826 enim
467 760 584 851 scripto
613 757 777 824 mandarit
804 755 892 822 huuc
920 756 1017 821 luisse
1045 755 1201 846 primam,
1237 755 1294 846 qui
1323 754 1415 820 mille

346 871 456 963 pondo
483 872 606 960 argenti
633 870 755 936 babuit.
804 867 965 952 Quantum
994 879 1135 934 mutatus
1163 889 1241 956 ergo
1267 866 1411 946 abillis,

346 985 464 1075 quibus
494 984 637 1050 moribus
666 1007 742 1048 arus
772 982 894 1061 luerat,
919 983 971 1046 cui
991 981 1140 1048 morienti
1158 1003 1225 1047 unu
1245 980 1320 1046 satis
1339 993 1411 1046 erat

346 1109 385 1161 ut
403 1098 510 1164 dotem
533 1097 621 1164 uxori
638 1096 796 1162 redderet.

662 1282 680 1365 ὅ
705 1284 735 1345 3.
786 1275 951 1364 Quaestor
971 1278 1041 1340 -620
1061 1288 1107 1341 ²..

393 1434 503 1527 Scipio
534 1435 701 1502 africanus
729 1431 921 1522 necopinato
951 1431 1063 1497 consul
1093 1442 1218 1497 creatus
1241 1441 1308 1496 erat
1328 1454 1415 1496 anne

347 1551 413 1617 607
441 1573 478 1616 er
499 1548 669 1616 candidato
689 1545 878 1624 aedilitatis,
901 1567 960 1611 nee
979 1545 1013 1610 in
1035 1547 1241 1610 aunuu1620
1261 1544 1413 1610 consula·

348 1672 416 1727 tum
444 1663 592 1752 petebat,
624 1682 725 1751 quum
751 1658 793 1724 ad
821 1657 909 1724 bunc
941 1658 1095 1725 honorem
1114 1681 1133 1722 a
1151 1658 1273 1748 popule
1291 1657 1415 1724 electus

346 1784 411 1852 cst,
444 1784 479 1837 ut
507 1771 629 1838 bellum
659 1768 892 1835 Numantinum
923 1769 1107 1861 susciperet.
1155 1769 1238 1834 Hinc
1267 1769 1414 1836 Valerius

346 1909 420 1951 cum
437 1884 516 1951 dixit
532 1885 648 1949 iteruin
664 1881 827 1948 consulem
846 1894 988 1948 creatum
1003 1905 1040 1948 er
1055 1884 1259 1973 suffragatore
1269 1882 1308 1967 Q.
1320 1883 1413 1950 Fabii

346 1997 475 2063 Maximi
507 1997 611 2061 fratris
639 1995 700 2060 filii
728 1994 865 2060 comitiis
892 1995 1087 2085 quaestoriis.
1145 1996 1191 2062 lta
1219 1994 1283 2062 laoc
1310 1997 1411 2088 igitur

346 2111 530 2177 testimonio
559 2109 668 2198 colligi
692 2120 798 2200 potest
815 2121 1014 2198 quaestorem
1032 2132 1097 2174 esse
1113 2121 1254 2175 creatum
1275 2110 1412 2177 Fabium

347 2237 509 2304 nastrum,
539 2246 603 2315 quo
628 2246 711 2288 auno
731 2221 853 2288 bellum
873 2220 1107 2288 Numantinum
1126 2224 1265 2315 suscepit
1283 2222 1414 2315 Scipio,

346 2339 405 2427 qui
430 2361 532 2403 annus
560 2349 667 2403 nostru
691 2335 852 2426 legitimus
880 2333 957 2414 tuit,
980 2357 1054 2401 uam
1084 2340 1247 2401 teannus
1268 2348 1414 2403 estante

347 2451 549 2517 consulatum
574 2450 727 2516 eiusdem.
1126 2528 1127 2532 Ἰ

394 2564 479 2631 Hinc
507 2564 650 2655 sequitur
678 2561 715 2628 ad
746 2584 820 2627 eum
846 2561 1003 2651 respicere
1024 2561 1222 2653 Appianum,
1244 2562 1300 2627 ubi
1319 2563 1413 2630 nobis

346 2689 458 2744 auctor
467 2689 514 2743 est
523 2677 705 2767 Scipionem
718 2698 782 2740 uon
792 2673 939 2740 babuisse
949 2674 1111 2741 delectum
1124 2698 1231 2742 rerum
1244 2675 1411 2746 clientium

347 2802 485 2856 turmam
514 2811 620 2854 secum
650 2787 791 2867 duxisse,
821 2799 854 2853 et
873 2789 1107 2854 voluntariosa
1130 2790 1221 2855 sociis
1240 2790 1415 2857 submissos

347 2903 381 2966 iu
402 2902 586 2991 Hispaniam
607 2899 770 2966 duceudos
792 2900 915 2967 dedisse
936 2904 978 2984 τῷ
998 2903 1178 2985 ἀδελφιδῷ,
1202 2905 1292 2995 atqui
1310 2904 1414 2970 llabio

348 3026 472 3093 nostro,
502 3037 576 3079 nam
603 3036 780 3104 cognomen
808 3013 891 3080 illud
920 3015 1075 3082 Ruteonis
1096 3015 1160 3082 sire
1181 3017 1328 3107 Appiano
1348 3019 1414 3085 aive

347 3126 486 3193 librariis
506 3125 695 3206 debeamus,
718 3126 833 3193 falsum
853 3138 900 3194 est
925 3139 949 3194 ³.

393 3241 540 3308 Adluisse
556 3241 696 3308 ereditur
709 3264 785 3330 ergo
803 3263 877 3307 cum
894 3254 984 3331 patre
1005 3242 1039 3307 iu
1064 3242 1173 3308 eastris
1195 3239 1416 3325 Numantinum

347 3369 494 3446 utsupra
514 3354 650 3421 uidimus
674 3366 686 3406 ⁴
708 3354 804 3443 louge
823 3354 1025 3420 verisimilius
1043 3353 1141 3420 rideri
1158 3354 1266 3421 locum
1286 3367 1415 3422 utrum-

350 3491 413 3559 que
440 3467 480 3532 ad
509 3490 610 3532 unum
640 3465 843 3555 eundemque
869 3464 996 3544 referri,
1022 3464 1109 3555 quod
1131 3465 1157 3531 si
1178 3477 1240 3545 est,
1260 3466 1414 3556 equidem

349 3582 493 3673 suspicor
514 3579 753 3669 Allobrogicum
774 3589 920 3644 nostrum
941 3577 1107 3645 deduxisse
1127 3577 1285 3670 Scipionis
1305 3581 1415 3671 copias

347 3696 382 3759 iu
411 3694 595 3783 Hispaniam
624 3693 728 3782 iisqne
753 3714 827 3757 mor
857 3691 890 3756 in
921 3691 1087 3758 obsidione
1106 3691 1300 3759 Numantiae
1319 3716 1415 3782 prae-

348 3806 461 3886 fuisse,
481 3828 546 3871 nou
567 3807 651 3872 euim
670 3817 793 3895 patrem
814 3805 917 3870 sirum
937 3806 1137 3872 consularem
1156 3805 1215 3872 sub
1233 3807 1332 3873 fratre
1349 3804 1415 3872 mi·

348 3942 429 3985 nore
456 3933 536 3985 uatu
563 3920 715 3985 militasse
745 3917 953 3999 crediderim,
985 3931 1095 3985 contra
1121 3931 1320 4010 quaestorem
1343 3919 1416 3986 Sci·

350 4032 471 4123 pionis,
496 4056 591 4124 quem
612 4033 661 4098 illi
681 4044 847 4124 acceptum
866 4033 961 4098 luisse
980 4033 1106 4100 scimus.

377 4342 398 4408 ¹)
415 4342 452 4393 H.
470 4341 507 4392 N.
526 4342 659 4393 XXXIII.
680 4347 720 4392 11.
771 4337 792 4409 ²)
810 4342 869 4393 Val.
894 4342 967 4392 Max.
984 4341 1062 4394 VIII.
1089 4345 1128 4390 lu.
1147 4345 1177 4400 43
1195 4341 1262 4407 App.
1281 4339 1358 4408 Hisp.
1376 4347 1423 4393 84.

341 4427 362 4494 ὅ)
380 4428 419 4479 Cf.
442 4429 501 4477 Lib.
518 4429 567 4478 VI.
590 4427 650 4492 Cap.
674 4428 755 4491 ru1§
774 4429 804 4487 l,
828 4443 852 4492 p.
878 4431 937 4477 233.
1007 4425 1028 4492 6)
1047 4425 1115 4491 App.
1136 4424 1213 4492 Hisp.
1232 4432 1279 4489 903
1302 4427 1335 4478 cl.
1358 4427 1426 4494 Cup.

340 4514 403 4577 115
423 4520 437 4562 8
456 4513 530 4563 huius
547 4512 632 4573 Libri,
650 4528 674 4578 p.
693 4516 753 4562 389.
