3212 5294
250 473 277 521 a.
289 466 472 513 cariosus.
484 468 511 514 u.
523 467 550 513 n.
563 430 695 512 narrans
707 449 989 533 cuscianus(17).§
1003 451 1029 511 l.
1040 470 1165 513 coenon.
1206 453 1266 515 2³5

200 646 233 712 ia
252 669 340 713 enus
358 657 500 724 tantum3
529 667 589 712 nec
614 656 718 712 tamen
737 647 781 711 ita
800 646 896 713 luisse
920 645 1070 737 equidem
1092 642 1263 715 contendo.

196 757 301 824 Primo
320 757 404 824 enim
424 767 547 823 constat
566 756 710 823 Rulliani
729 768 851 846 patrem
871 756 951 825 duos
971 760 1029 846 (18
1046 771 1077 825 et
1097 759 1150 844 lb)
1172 780 1265 850 prae·

193 884 241 939 tar
261 870 348 937 hunc
368 869 515 937 habuisse
535 869 618 937 lilios
633 884 663 950 ¹,
682 892 739 937 cur
756 870 819 937 iam
841 894 877 938 er
897 871 958 937 alia
979 883 1073 961 gente
1095 870 1263 961 adoptaret

195 985 352 1050 tertium?
373 1007 437 1050 non
454 983 609 1075 perspicio
631 1005 775 1062 oausam,
794 984 859 1049 imo
880 982 1010 1050 historia
1027 983 1123 1051 tradit
1141 995 1266 1074 patrem

194 1097 281 1164 hunc
310 1097 413 1164 filium
441 1119 518 1188 praa
546 1098 660 1164 ceteris
688 1097 804 1188 insigni
829 1119 936 1163 amore
957 1109 1161 1188 prosecutum
1186 1119 1265 1163 esse.

196 1211 277 1277 Tum
306 1211 395 1278 nulla
425 1234 500 1300 gens
532 1222 586 1278 aut
614 1210 735 1276 familia
763 1211 905 1277 innotuit
933 1210 1103 1279 Rullorunr
1135 1233 1173 1277 aa
1200 1209 1268 1275 illis

195 1325 410 1415 temporibus,
444 1347 515 1389 narn
545 1346 582 1389 ex
612 1335 677 1391 tota
697 1323 890 1414 antiquitate
909 1324 1037 1389 nonnisi
1057 1323 1174 1389 Rullus
1193 1322 1267 1413 ple·

194 1437 285 1502 baius
315 1437 372 1503 ille
399 1437 560 1517 innotuit,
597 1438 630 1503 in
663 1459 760 1529 quem
796 1436 908 1504 Cicero
939 1434 1049 1501 habuit
1085 1434 1265 1503 Orationes

192 1550 389 1641 Agrarrias,
411 1551 543 1641 eiusque
568 1562 669 1640 pater,
689 1549 746 1639 qui
766 1550 848 1615 sicut
867 1548 997 1614 unicum
1013 1547 1109 1614 Plinii
1129 1559 1142 1598 2
1172 1546 1268 1615 docet

194 1664 428 1742 testimonium,
445 1663 602 1754 pertinuit
621 1662 660 1730 ad
681 1675 811 1753 gentem
821 1661 1003 1739 Serviliam,
1024 1660 1065 1727 de
1083 1683 1146 1751 qua
1161 1674 1268 1729 autem

196 1788 309 1867 utpote
337 1776 464 1867 plebeia
493 1777 631 1867 cogitare
662 1799 725 1842 non
746 1776 832 1844 licet.
879 1774 1025 1866 Denique
1055 1797 1119 1839 non
1149 1773 1211 1841 luit
1232 1797 1268 1840 re

193 1913 267 1956 sera
287 1912 465 1978 cognomen
490 1889 692 1981 adoptivum,
722 1911 795 1955 narn
826 1911 862 1955 er
891 1899 1021 1954 centurn
1042 1886 1268 1977 agnominibus

161 2025 164 2030 ·
192 2002 360 2081 Romanis,
376 2024 459 2092 quae
477 2002 610 2093 collegi,
629 2003 755 2068 nonnisi
773 2009 819 2069 5³
841 2024 878 2067 ex
888 2000 1079 2091 cognomine
1095 2011 1166 2065 asra
1177 2014 1267 2079 sunt,

192 2126 227 2181 et
255 2112 352 2179 duo⁴
384 2126 509 2180 tantum
538 2137 575 2180 ex
604 2114 826 2204 praenomine,
860 2136 942 2203 quae
970 2111 1174 2178 invaluerunt
1199 2135 1269 2179 sero

192 2242 339 2319 ternpore
366 2228 591 2318 imperatori03
620 2239 694 2293 sunt
714 2238 822 2291 autern
842 2247 930 2293 rarae
954 2224 1142 2315 adoptiones
1164 2234 1267 2290 stante

192 2341 379 2432 republica,
420 2344 496 2406 11⁵
528 2352 652 2407 tantum
687 2362 745 2430 per
772 2339 856 2405 illud
888 2350 1012 2429 tempus
1049 2350 1266 2404 numerantur.

81 2458 84 2463 ’
194 2454 282 2538 Quas
301 2453 343 2519 ob
362 2476 470 2519 causas
490 2454 553 2518 iam
574 2476 613 2519 eo
633 2451 790 2530 adducor,
812 2463 846 2516 ut
866 2450 927 2518 hoc
947 2472 1063 2517 nomen
1084 2473 1150 2515 nau
1166 2449 1268 2541 adop-

193 2568 295 2633 tivum
329 2566 426 2633 luisse
456 2565 602 2645 credam,
640 2565 764 2631 etiamsi
797 2564 927 2631 aliunde
961 2564 1114 2653 explicari
1144 2565 1267 2655 nequit.

191 2678 338 2747 Nimium
357 2690 405 2745 est
424 2691 532 2748 autern
551 2679 578 2744 si
596 2689 708 2743 contra
727 2678 893 2744 Fastorum
910 2676 1090 2743 testimonia
1109 2675 1268 2745 Rutilia·

193 2817 273 2859 num
293 2792 408 2859 dixeris
429 2805 589 2872 nostrum,
614 2803 649 2857 ut
669 2790 796 2857 codices
816 2789 869 2856 hic
887 2789 957 2855 illic
975 2790 1071 2868 dant,
1101 2802 1134 2855 et
1155 2790 1205 2856 rel
1224 2791 1270 2857 sio

192 2929 245 2972 rea
273 2907 418 2972 nondum
444 2905 484 2972 ad
512 2904 673 2995 liquidum
692 2905 847 2995 perducta
865 2905 943 2983 erit,
972 2927 1045 2969 nana
1064 2902 1179 2969 Rutilii
1196 2904 1270 2994 ple·

194 3020 262 3086 heii
281 3031 371 3085 erant
393 3031 518 3109 praeter
539 3019 572 3085 P.
594 3019 753 3085 Rutilium
774 3017 921 3084 Crassum
941 3016 1107 3083 tribunum
1127 3017 1269 3085 militurn

195 3138 280 3213 337;
304 3146 416 3199 contra
437 3133 521 3198 circa
543 3131 623 3197 haec
642 3144 785 3222 tempora
806 3141 978 3197 occurrunt
998 3128 1103 3194 Rutili
1121 3129 1155 3194 in
1173 3142 1269 3220 gente

193 3246 314 3313 Marcia
342 3258 375 3314 et
402 3246 538 3323 Nautis,
576 3268 615 3310 ex
647 3244 695 3312 his
729 3245 828 3334 igitur
859 3255 967 3309 noster
996 3253 1170 3332 prognatus
1202 3265 1269 3309 esse

194 3372 318 3450 posset,
343 3358 398 3425 sed
423 3358 484 3424 hoc
507 3358 651 3424 nondum
675 3357 761 3441 mihi
779 3379 906 3447 possum
931 3354 1144 3446 persuadere..

540 3512 558 3595 §
584 3512 614 3575 2.
660 3508 794 3575 Aedilis
819 3513 884 3572 423
906 3519 929 3572 θ.

247 3661 417 3726 aedilitate
437 3660 566 3726 iunctus
585 3673 632 3727 est
652 3672 759 3726 noster
776 3682 860 3724 anno
877 3662 959 3738 423,
984 3658 1040 3748 qui
1057 3658 1174 3724 tristior
1193 3660 1269 3738 fuit,

196 3797 272 3839 narn
299 3771 394 3837 multi
416 3783 491 3836 tuno
510 3771 702 3837 interierunt
724 3770 860 3836 Romani
883 3769 947 3834 sive
968 3793 1089 3836 veneno
1109 3771 1171 3837 sire
1194 3794 1268 3861 pes-

195 3885 332 3953 tilentia.
366 3884 472 3949 Livius
497 3885 607 3965 tradit,
624 3884 778 3974 primores
797 3883 931 3950 civitatis
950 3906 1051 3974 quum
1071 3866 1158 3949 hautl
1175 3885 1271 3975 pauci

197 3999 364 4065 simillimo
391 3998 503 4063 morbo
524 3999 663 4065 absumti
684 4009 801 4076 essent,
825 3997 864 4062 de
879 3998 1042 4087 pestilenti
1064 4006 1135 4065 aiire
1155 3999 1271 4067 credu-

506 4131 597 4142 σ--ι-

228 4179 249 4245 ¹)
266 4181 335 4231 Fast.
353 4180 414 4245 Cap.
434 4185 498 4241 ‘¹³93
517 4182 573 4230 Liv.
592 4181 642 4230 IX.
661 4185 703 4230 86.
757 4176 776 4245 Ἃ)
794 4177 878 4230 EN.
896 4182 974 4231 VIII.
994 4186 1036 4231 bl.
1088 4178 1107 4248 ³)
1126 4184 1276 4246 Bassianus,

188 4266 337 4326 Florianus,
350 4266 502 4325 Tusciauus,
511 4266 695 4325 Maximianus,
706 4266 887 4316 Varronianus.
926 4262 947 4330 ⁴)
962 4267 1123 4329 Tiberianus,
1133 4269 1275 4332 Appianas.

189 4347 213 4414 ⁵)
232 4350 403 4411 Aemilianus,
421 4350 618 4414 Calpurnianus,
632 4350 786 4411 Fulvianus,
801 4350 974 4414 Gratidianus,
988 4353 1124 4415 Iunianus,
1139 4353 1274 4413 Livianus,

188 4434 341 4494 Mucianus,
368 4434 533 4495 Octavianus,
559 4435 726 4496 Plancianus,
753 4435 925 4501 [Rullianus]‚
952 4436 1114 4489 servilianus.
1177 4435 1197 4504 ⁶)
1214 4439 1274 4490 Lis.

188 4520 272 4571 VIII.
294 4519 813 4580 183Val.Maa.11.5.a;Oros.111.
835 4525 875 4571 10.
