3190 5304
626 1306 806 1337 -Θοῢ

706 1504 731 1571 Ι.

225 1663 391 1732 Nescimus
419 1663 550 1753 quinam
579 1658 697 1729 Fabius
717 1675 914 1730 memoretur
933 1662 964 1728 in
985 1661 1165 1754 fragmento
1186 1667 1246 1734 Po-

179 1779 259 1867 lybii
289 1776 373 1868 apud
403 1775 535 1844 Suidam
565 1799 592 1843 r.
623 1775 749 1857 τρᾶξνς·
779 1776 876 1842 Mart
901 1780 960 1842 τῶν
990 1778 1021 1841 ἐν
1051 1788 1090 1862 τῇ
1121 1781 1247 1861 πατρίδι

178 1894 281 1977 φίλων
304 1890 408 1973 τρίτην
434 1888 547 1972 τραξνν
571 1886 896 1967 κατασκευασαμένου
918 1888 971 1953 καὶ
989 1892 1246 1971 προσενεγκόντα

179 2008 222 2088 τῷ
248 2003 358 2085 Φαβίῳ
382 2003 435 2068 τὸν
459 1999 565 2080 λόγον.

691 2159 734 2228 ΙΙ.

228 2342 316 2428 Quae
339 2341 447 2409 Livius
469 2340 568 2409 XXX.
589 2345 650 2422 24,
674 2344 716 2409 25
741 2339 836 2407 tradit
855 2339 895 2407 de
916 2341 1075 2432 legatione
1096 2341 1134 2411 L.
1155 2342 1247 2412 Fabii

181 2453 407 2545 Carthaginem
437 2477 522 2520 anno
552 2459 636 2534 551,
670 2477 709 2520 ex
737 2452 874 2541 Polybio
899 2453 968 2520 XV.
1002 2459 1038 2535 l,
1066 2455 1248 2559 2thausisse

111 2613 113 2616 ⁴
180 2569 315 2637 ridetur.

678 2721 737 2792 ΙΙΙ.

224 2904 373 2973 Studium
403 2904 542 2996 partium
574 2927 638 2969 nou
668 2905 808 2971 alienum
839 2904 935 2972 fuisse
964 2908 1126 2974 ridetura
1148 2929 1245 2990 nece,

178 3043 241 3112 qua
261 3017 296 3086 G.
317 3018 434 3085 Fabius
453 3018 646 3096 Hadrianus,
670 3031 799 3109 praetor
821 3017 947 3086 Africae
962 3045 1046 3087 anno
1064 3024 1145 3100 672,
1170 3044 1244 3088 suc·

175 3132 288 3200 cubuit
321 3133 352 3197 in
380 3131 541 3222 praetorio
569 3132 685 3198 Uticae
712 3131 801 3198 sirus
826 3145 972 3213 exustum
998 3135 1102 3200 eidem
1128 3156 1241 3201 causae

176 3246 360 3325 tribuerim,
385 3243 471 3335 quod
494 3244 584 3308 nulla
603 3245 747 3334 quaestio
767 3245 807 3309 de
826 3246 889 3310 isto
910 3247 1031 3336 flagitio
1052 3245 1160 3311 habita
1181 3247 1240 3326 sit;

175 3356 243 3424 Lis.
266 3357 350 3447 Epit.
374 3355 549 3435 LXXXIV,
568 3355 748 3436 LXXXV13
774 3355 841 3424 Cic.
864 3358 905 3422 V
901 3380 968 3424 err.
991 3358 1032 3424 ΙΙ.
1055 3378 1075 3424 r.
1098 3362 1242 3446 27§70‚

176 3490 208 3536 v.
230 3475 273 3538 36
290 3474 307 3557 §
325 3476 384 3551 94,
408 3470 518 3561 ibique
540 3470 587 3536 Ps.
611 3470 724 3537 Ascon.
743 3494 773 3560 p.
788 3474 867 3549 1793
890 3470 958 3538 Val.
971 3470 1051 3537 Mar.
1068 3470 1123 3540 IX.
1137 3477 1188 3540 10.
1207 3476 1243 3553 2;

176 3580 267 3651 Oros.
289 3583 326 3651 V.
349 3587 409 3665 203
432 3582 525 3651 Diod.
545 3582 609 3651 Sic.
631 3581 812 3650 XXXVIII.
835 3587 891 3664 14,
910 3608 942 3675 p.
965 3587 1027 3651 189
1051 3583 1086 3651 Τ.

680 3763 735 3830 IV.

224 3922 267 3987 ds
290 3919 374 4012 apud
395 3920 506 3987 Riccio
528 3921 592 3988 tab.
612 3921 719 3991 xixa
739 3923 879 4012 signatus
900 3933 947 3988 est
967 3933 1036 4014 post
1056 3923 1158 4014 legem
1182 3924 1242 3991 Pa·

176 4036 307 4127 pisiam,
341 4034 382 4100 ab
412 4034 524 4101 eodem
556 4034 591 4103 G.
621 4035 738 4115 Fabio,
769 4037 826 4126 qui
846 4035 934 4102 cudit
956 4024 1100 4102 denarios
1120 4036 1177 4104 N⁰.
1197 4042 1237 4104 21

176 4146 261 4240 apud
284 4147 446 4225 Vaiilant,
469 4146 524 4213 N⁰.
546 4147 585 4214 D.
605 4146 690 4238 apud
711 4147 914 4226 Marcilium,
938 4147 1023 4238 apud
1045 4148 1156 4213 Riccio
1177 4150 1241 4215 tab.

176 4261 263 4328 XIX.
284 4263 319 4339 8;
343 4259 556 4326 numismatici
576 4283 741 4352 perperam
763 4259 798 4327 G.
818 4259 919 4326 Fabio
940 4259 976 4330 G.
994 4260 1016 4325 f.
1034 4261 1152 4327 Pictori
1168 4263 1239 4351 (26)

177 4373 362 4443 tribuebant
395 4373 453 4439 hos
481 4396 647 4454 nummos,
682 4397 818 4465 quorum
848 4386 959 4441 auctor
988 4374 1086 4441 fuisse
1117 4373 1242 4442 ridetur

181 4485 217 4554 C.
240 4487 357 4554 Fabius
379 4486 566 4555 Hadrianus.
600 4489 604 4496 '

1067 4596 1109 4659 29
