3154 5294
302 496 304 500 -
344 457 401 520 114
429 463 574 521 ornamus
585 475 614 520 u.
625 472 695 520 nu.
708 472 736 518 s.
747 453 980 537 aususausus).
997 454 1057 536 53.
1069 469 1215 516 sareanen
1228 454 1373 536 aestues.

349 664 381 718 ct
408 663 620 743 pervenerunt
649 649 689 717 ad
716 648 839 719 Salinas
869 648 954 717 baud
982 649 1161 740 proculab
1185 648 1291 719 Ostiis.
1326 650 1414 719 Haec

351 788 456 832 rerum
478 765 614 833 narratio
635 787 700 831 non
722 763 877 843 offendit,
900 762 1026 829 ridetur
1045 762 1177 853 quidem
1194 765 1264 830 aliis
1280 763 1418 832 dictator

350 891 382 944 et
404 877 544 945 hostiurn
573 877 797 968 populationes
825 899 966 945 annuere
996 877 1157 947 Romanos
1187 901 1252 943 non
1282 878 1415 947 victores

349 1015 386 1057 ex
416 991 470 1056 illa
499 1013 607 1080 pugna
637 989 814 1059 discessisse
841 988 895 1059 sad
922 989 1030 1081 potius
1059 989 1177 1068 victos,
1210 1012 1275 1057 non
1304 1013 1416 1057 rerum

348 1127 428 1196 opus
447 1116 508 1182 est,
534 1117 570 1169 ut
592 1102 654 1169 boc
674 1102 767 1171 nobis
795 1125 974 1181 sumamus,
997 1101 1114 1193 quidni
1147 1101 1263 1170 Falisci
1286 1115 1319 1168 et
1340 1102 1417 1169 Tar·

348 1218 531 1308 quinienses
555 1217 632 1284 victi
652 1228 755 1285 totum
774 1239 892 1285 nornen
914 1215 1052 1285 Tuscum
1075 1215 1294 1285 constiterint?

395 1332 476 1397 Turn
496 1332 635 1421 primum
646 1330 790 1421 plebeius
803 1330 939 1396 dictator
959 1327 1327 1399 sternutationes
1348 1328 1418 1396 Ru.-

350 1445 426 1511 tilns
459 1467 531 1510 curn
564 1445 715 1534 magistro
744 1444 888 1535 equitum
921 1443 1032 1511 itidem
1062 1442 1189 1534 plebeio
1220 1441 1255 1510 0.
1283 1441 1418 1511 Plautio.

349 1557 408 1624 His
437 1557 574 1623 ducibus
603 1558 760 1625 exercitus
787 1578 860 1625 mor
891 1557 1028 1624 Tiberim
1052 1556 1176 1624 traiecit
1196 1555 1419 1647 oppressitque

350 1684 516 1760 vagantem
537 1670 678 1748 hostem,
701 1671 790 1735 cuius
810 1680 911 1737 castra
933 1671 1034 1761 cepit;
1058 1672 1146 1737 8000
1165 1666 1304 1735 hostiurn
1324 1679 1417 1758 cepta

349 1784 497 1849 feruntur
526 1785 638 1850 ceteris
663 1783 762 1849 caesis
789 1783 969 1873 iugulisque
987 1806 1024 1849 er
1044 1805 1118 1872 agro
1138 1781 1292 1851 Romano.
1341 1780 1417 1847 Dic·

347 1907 431 1962 tator
465 1898 531 1963 sine
562 1908 691 1988 petrum
720 1897 911 1965 auctoritate
939 1895 1052 1986 populi
1081 1895 1168 1961 iussu
1199 1892 1417 1987 triumpharit.

345 2010 513 2075 instabant
540 2010 670 2076 comitia
699 2009 898 2090 consularia,
933 2009 1050 2099 quibus
1078 2031 1222 2098 praeesse
1251 2007 1418 2098 plebeium

349 2123 414 2188 sire
434 2122 621 2190 dictatorem
642 2122 709 2189 sire
727 2121 890 2189 consulem
913 2144 978 2188 non
996 2120 1141 2189 sinebant
1157 2120 1297 2211 patricii3
1314 2142 1416 2211 quum

346 2235 430 2300 alter
448 2233 562 2300 consul
579 2233 730 2324 petricius
748 2255 865 2324 nempe
885 2232 1001 2301 Fabius
1019 2244 1126 2301 noster
1146 2232 1232 2299 bello
1262 2232 1416 2299 retinere-

346 2357 418 2424 tur,
442 2368 491 2412 res
512 2343 552 2413 ad
574 2347 792 2433 interregnum
812 2342 917 2411 rediit.

570 2527 588 2611 §
615 2531 646 2593 3.
693 2525 962 2592 Interrexl.11.
987 2525 1177 2600 aestaset

392 2681 453 2748 Per
482 2694 556 2749 octo
581 2683 762 2772 interregna
787 2685 852 2750 sire
881 2687 924 2748 40
952 2682 1018 2749 dies
1040 2683 1261 2749 contentiones
1280 2684 1416 2752 durare·

346 2807 440 2874 runt;
472 2796 653 2884 interregno
683 2796 788 2861 iuncti
816 2808 890 2862 sunt
910 2796 1060 2888 deinceps
1081 2794 1118 2879 Q.
1138 2795 1289 2863 Servilius
1313 2797 1416 2863 Abala

346 2912 388 2995 (c.
406 2910 505 2993 389),
529 2907 572 2973 Μ.
586 2907 702 2973 Fabius
726 2909 767 2997 (c.
780 2914 862 2990 373,
881 2914 945 2976 385
960 2921 1015 2974 aut
1027 2932 1053 2974 c.
1075 2912 1172 2996 394),
1197 2907 1256 2976 Gn.
1275 2909 1416 2975 Manlius

347 3021 390 3107 (c.
410 3020 506 3110 395),
525 3019 560 3091 G.
572 3021 691 3089 Fabius
702 3025 743 3110 (o.
755 3022 852 3112 390),
869 3020 905 3091 G.
918 3020 1078 3113 Sulpicius
1090 3023 1132 3109 (c.
1143 3020 1242 3111 890),
1258 3020 1293 3088 L.
1305 3021 1415 3089 derni-

343 3133 406 3198 lius
423 3134 466 3222 (c.
484 3135 581 3221 388),
599 3145 632 3199 et
650 3146 727 3201 tuno
741 3134 781 3201 de
797 3157 881 3201 noro
898 3134 935 3218 Q.
953 3133 1117 3212 Servilius,
1132 3133 1273 3224 danique
1291 3133 1334 3203 Μ.
1351 3135 1414 3202 Fa-

343 3245 416 3315 bius
434 3247 619 3317 Ambustus
650 3247 919 3340 Quandoquidem
938 3245 1091 3313 Servilius
1108 3247 1213 3339 primo
1230 3258 1261 3313 et
1278 3248 1416 3338 septimo

344 3363 526 3450 interregno
546 3361 677 3431 functus
697 3373 760 3441 est,
783 3361 959 3452 probabilis
981 3361 1061 3431 ratio
1080 3360 1191 3429 suadet
1207 3384 1276 3431 rem
1293 3361 1415 3431 Roma-

343 3497 417 3543 nam
439 3474 576 3542 tenuisse
604 3474 742 3543 eundern
770 3474 813 3541 Μ.
836 3473 973 3540 Fabium
1000 3487 1033 3541 et
1062 3474 1202 3543 secundo
1228 3487 1261 3547 ot
1283 3487 1415 3555 octavo,

344 3612 410 3657 non
422 3612 495 3659 raro
508 3587 695 3666 undecimo,
720 3601 756 3654 ut
767 3588 877 3655 scribit
886 3586 1066 3668 Niebuhra,
1085 3600 1132 3655 tot
1145 3589 1230 3659 enisu
1241 3589 1415 3680 interreges

344 3703 492 3794 sequenti
513 3702 642 3774 demum
662 3726 746 3767 anno
769 3704 910 3769 suerunt.

388 3817 452 3883 Diu
471 3816 617 3887 dubitari
635 3828 758 3884 essetne
782 3814 836 3882 hio
855 3814 980 3883 Marcus
998 3838 1038 3883 an
1057 3816 1155 3883 irater
1171 3814 1323 3907 patruelis
1339 3813 1410 3905 (15)

342 3929 571 4020 intelligendus
592 3942 723 4021 propter
751 3930 861 3997 locum
881 3929 1050 3995 Liuianum
1077 3927 1208 3997 unicum
1234 3928 1293 3997 bac
1320 3930 1355 3999 in
1378 3951 1415 3995 re

344 4052 473 4107 testem:
510 4042 619 4107 »alter
648 4042 760 4112 consul
788 4041 906 4107 Fabius
937 4039 1026 4105 bello
1049 4039 1263 4121 retinebatur,
1292 4064 1343 4109 res
1370 4041 1412 4110 ad

342 4154 560 4243 interregnum
579 4153 677 4235 redit3
702 4155 873 4243 interreges
892 4151 1043 4244 deinceps
1063 4152 1100 4237 Q.
1119 4152 1272 4220 Servilius
1294 4153 1413 4235 Abala,

345 4265 381 4351 Q.
403 4265 535 4345 Fabius,
559 4268 642 4334 cet.''
692 4264 866 4331 Videturne
889 4263 948 4329 sibi
977 4264 1115 4330 voluisse
1132 4263 1240 4332 Livius
1256 4264 1412 4348 eundem,

371 4517 934 4589 ummmnoaumn
