3190 5304
323 471 381 532 424
505 490 531 539 o.
553 488 654 531 raetos
677 489 704 540 o.
727 489 753 530 r.
777 489 803 538 o.
825 488 852 530 u.
874 486 1005 530 uastuus
1026 489 1116 532 sanet
1139 469 1213 552 (55).

320 676 400 728 ‘tum
423 664 540 728 fecerat
560 685 597 728 ea
628 663 748 727 riarum
778 662 956 728 munitione
978 663 1107 753 vinique
1128 664 1279 755 portorio.
1328 648 1404 733 llas·¹

332 778 364 841 in
388 799 480 841 eausa
504 777 615 842 Cicero
636 798 709 841 eum
731 774 891 854 defendit,
912 777 968 865 qui
986 776 1136 842 Plaetorii
1157 776 1402 868 subscriptorem

334 889 377 955 M.
400 889 534 955 Fabium
567 890 644 954 dixit
667 902 689 954 ¹.
740 888 906 978 Tbierry2
938 888 999 954 hoe
1027 888 1067 953 ad
1098 900 1241 957 nostrum
1265 890 1404 956 referens

332 1014 438 1066 narrat
471 1001 633 1068 Gallorum
662 1002 860 1067 Trevirorum
898 1002 1087 1091 legationem
1116 1004 1237 1068 senisse
1270 1003 1401 1068 Romam

335 1104 418 1205 apud
442 1114 483 1179 Μ.
504 1114 638 1180 Fabium
653 1113 791 1203 Sangam
814 1114 1020 1204 Allobrogum
1042 1127 1230 1206 patronum,
1250 1136 1402 1180 unumex

335 1227 532 1317 Allobrogici
553 1228 701 1319 posteris,
727 1229 783 1318 qni
803 1227 967 1292 mandarit
989 1228 1163 1307 Plaetorio,
1180 1239 1216 1291 ut
1233 1227 1401 1293 Fonteium

332 1339 373 1405 de
400 1341 545 1431 pecuniis
566 1341 751 1432 repetundis
772 1341 803 1405 in
821 1341 870 1406 ius
889 1352 1027 1407 voearet.
1081 1340 1120 1405 At
1140 1339 1333 1430 Allobrogici
1343 1340 1404 1405 ille

331 1477 431 1545 nepos
453 1454 589 1537 Quintus
610 1466 673 1534 est,
692 1467 724 1520 et
744 1453 846 1545 Sanga
869 1454 975 1533 audit,
998 1465 1107 1518 contra
1127 1453 1255 1518 Fonteii
1275 1475 1402 1518 aecusa-

334 1580 400 1646 tor,
433 1568 523 1633 cuius
552 1591 705 1657 agnomen
728 1567 821 1644 latet,
846 1566 970 1631 Marcus
990 1565 1186 1656 appellatur3
1216 1589 1275 1631 nee
1305 1565 1400 1631 iidem

334 1691 423 1759 sunt,
456 1680 490 1744 ni
519 1679 634 1757 fallor,
670 1679 755 1745 Galli
783 1680 904 1745 Treviri
930 1692 961 1744 et
990 1679 1194 1768 Allobroges3
1218 1679 1355 1770 denique
1375 1681 1402 1743 si

330 1791 456 1858 Marcus
482 1792 538 1856 ille
559 1793 757 1857 Trevirorum
778 1791 888 1857 fuisset
909 1804 1080 1882 patronus,
1104 1792 1246 1857 eurnon
1266 1792 1402 1882 ipsein-

332 1905 474 1970 tercessit
496 1929 555 1995 pro
575 1905 823 1996 provincialibus
843 1905 957 1970 misere
979 1905 1149 1995 oppressis,
1174 1927 1230 1969 eur
1250 1928 1312 1970 non
1332 1905 1402 1994 ipse

237 2034 240 2039 “
329 2019 363 2082 in
395 2017 443 2082 ius
473 2019 595 2083 vocarit
625 2017 812 2095 Fonteium,
846 2017 898 2081 cui
928 2017 1013 2082 bono
1043 2028 1109 2082 erat
1138 2030 1305 2107 patronus,
1337 2017 1400 2082 nisi

331 2127 525 2196 eiuscemodi
546 2129 709 2219 negotiis?
747 2128 905 2219 liquidem
924 2129 1085 2194 contendo
1104 2129 1183 2194 duos
1201 2130 1275 2195 illos
1294 2129 1399 2194 bomi-

332 2265 388 2307 nes
417 2265 483 2306 esse
510 2242 648 2307 diversos
670 2254 702 2307 et
722 2243 822 2333 probe
843 2241 1097 2331 distinguendos,
1122 2243 1178 2332 qui
1198 2242 1243 2307 nil
1267 2243 1349 2307 inter
1367 2266 1402 2307 se

332 2375 502 2420 commune
534 2353 654 2420 babent
686 2368 812 2446 praeter
843 2377 979 2434 nomen,
1013 2356 1099 2445 quod
1140 2357 1243 2420 innuit
1275 2355 1407 2420 Tullius

332 2489 479 2557 quoque,
505 2468 576 2557 qui,
603 2468 628 2532 si
655 2467 694 2532 ad
724 2480 861 2533 nostram
884 2479 1011 2557 gentem
1038 2469 1240 2559 pertinuisset
1274 2467 1401 2533 Marcus

331 2580 410 2658 iste,
433 2580 546 2670 proeul
569 2579 667 2646 dubio
696 2605 760 2646 non
789 2582 975 2669 neglexisset
1003 2581 1066 2647 boe
1094 2593 1203 2646 eontra
1225 2592 1406 2672 patronum*

331 2705 497 2783 torquere,
522 2694 564 2758 ita
582 2706 618 2758 ut
633 2693 776 2758 Marcum
795 2693 888 2758 illum
908 2693 1040 2758 aliunde
1055 2694 1199 2784 ignotum
1217 2695 1250 2758 in
1265 2705 1407 2759 stemma

332 2806 435 2895 gentis
459 2807 618 2872 noluerim
644 2807 793 2897 recipere.

380 2915 548 2999 Quaeritur
569 2942 607 2983 an
629 2917 731 3009 Sanga
753 2920 806 2984 ille
826 2918 913 2985 idem
931 2919 1044 2998 fuerit,
1069 2920 1125 3009 qui
1145 2943 1228 2987 enno
1248 2924 1313 2989 709
1333 2944 1397 2985 non

332 3028 400 3094 sine
429 3024 567 3092 Caesaris
597 3030 696 3116 gratia
725 3028 764 3093 ad
792 3029 993 3096 consulatum
1018 3031 1185 3120 pervenit?
1220 3032 1266 3097 Ile
1287 3032 1343 3098 illa
1361 3056 1396 3099 re

332 3138 483 3229 equidem
514 3139 563 3207 rix
592 3140 718 3220 dubito,
754 3165 829 3207 nam
864 3147 904 3210 te
928 3143 1018 3207 annis
1044 3143 1215 3209 abaetate
1236 3145 1396 3209 consulari

331 3251 495 3331 detractis,
528 3277 564 3318 ea
592 3266 702 3333 restat,
732 3278 828 3345 quam
858 3268 929 3345 apte
951 3269 1057 3346 ageret
1088 3280 1187 3347 quum
1217 3256 1395 3348 patrocinio

328 3365 526 3456 fungeretur.
571 3365 640 3431 Nee
666 3366 844 3456 urgendum
868 3380 931 3446 est,
956 3367 1042 3458 quod
1063 3379 1170 3433 noster
1191 3368 1409 3435 Caesarianus·

330 3477 444 3556 fuerit,
467 3501 539 3542 nam
559 3492 668 3568 postea
686 3479 815 3544 demum
833 3480 871 3544 ad
889 3482 980 3545 istam
998 3479 1189 3546 discordiam
1205 3491 1411 3570 perventum·

330 3603 393 3670 est;
411 3613 470 3656 nee
489 3591 585 3656 alieni
607 3604 696 3656 erant
708 3592 844 3657 Romani
858 3617 874 3657 a
889 3593 1026 3682 partium
1041 3593 1235 3671 mutatione,
1255 3592 1397 3683 denique

329 3704 397 3794 ipse
426 3701 539 3770 Caesar
567 3715 723 3793 quatenus
749 3703 904 3770 Catilinae
924 3718 977 3770 aut
998 3704 1138 3771 motibus
1152 3706 1286 3784 saltem,
1311 3729 1395 3796 quo»-

327 3840 399 3883 rum
427 3816 486 3880 iste
518 3828 628 3880 auctor
653 3815 733 3893 fuit,
756 3816 927 3894 studuerit,
948 3814 1053 3881 adhue
1078 3815 1306 3904 inquirendum
1326 3838 1396 3883 esse

329 3930 465 3997 videtur.

376 4042 546 4109 Catilinam
578 4040 783 4130 Allobrogum
814 4043 934 4132 legatos
963 4043 1148 4107 sollicitasse
1172 4065 1229 4131 per
1255 4042 1289 4109 P.
1311 4042 1393 4109 Um·

328 4156 465 4221 brenum
495 4153 534 4218 ad
565 4151 642 4218 belli
670 4155 852 4220 societatem
884 4156 917 4220 in
944 4156 1054 4246 vulgus
1075 4167 1188 4222 uotum
1208 4168 1270 4234 est;
1295 4178 1393 4221 neca

327 4266 545 4333 coniuratione
566 4264 757 4333 abhorrebat
778 4291 889 4334 eorum
903 4269 1040 4349 animus,
1057 4270 1119 4360 qui·
1131 4269 1276 4335 omnibus
1293 4268 1393 4357 magis

351 4515 370 4583 ¹)
391 4514 443 4568 Pro
461 4516 532 4568 Forat.
554 4523 583 4568 12
602 4518 614 4582 β
633 4523 673 4568 26.
745 4514 765 4583 ²)
783 4518 818 4568 11.
840 4523 898 4568 252.
