3212 5294
366 460 402 507 a.
413 464 515 508 sanans
526 464 557 508 a.
568 464 595 511 r.
607 464 638 509 a.
650 465 678 508 n.
691 464 784 510 curso
794 448 868 531 (31).
886 449 947 531 §L
971 466 1080 511 consus
1092 449 1161 513 509.
1242 451 1299 516 221

236 638 307 706 »td
319 638 420 706 tanto
433 643 577 709 buteone
597 641 729 708 consule
747 642 878 710 classem
899 642 1039 710 hostium
1051 644 1084 710 in
1097 645 1206 713 africo
1217 646 1299 712 mari

234 752 319 843 apud
340 754 546 845 Aegimurum
568 753 630 819 iam
650 753 683 817 iu
700 753 824 820 Italiam
846 754 931 820 ultro
950 756 1152 846 navigantem
1171 757 1298 824 cecidit.

234 864 377 949 Quantus
409 891 427 932 o
458 879 534 933 tunc
562 865 743 957 triumphus
774 879 962 958 tempestate
991 868 1173 948 intercidit,
1197 892 1299 960 quum

230 978 385 1069 opulenta
412 980 529 1070 praeda
553 980 660 1046 classis
680 979 816 1047 adversis
835 992 907 1047 aeta
931 981 1033 1047 ventis
1053 981 1218 1072 naufragio
1240 1005 1297 1049 suo

232 1091 373 1157 Africam
390 1107 422 1159 et
440 1090 549 1181 Syrtes
568 1105 600 1158 et
611 1093 754 1159 omnium
772 1093 1027 1161 interiacentium
1046 1093 1222 1160 insularum
1241 1092 1298 1160 lit·

232 1216 300 1269 tora
317 1204 472 1295 implerit.
519 1206 631 1296 Magna
651 1204 776 1286 clades,
798 1205 852 1272 sed
874 1228 939 1273 nou
959 1208 1026 1273 sine
1047 1206 1155 1297 aliqua
1176 1207 1297 1297 princi·

231 1317 278 1407 pis
306 1318 421 1408 populi
448 1317 616 1410 diguitate3
639 1319 849 1411 interceptam
870 1331 1058 1411 tempestate
1081 1321 1243 1387 victoriam
1265 1333 1297 1386 et

232 1427 428 1519 triumphum
456 1431 585 1520 periisse
616 1431 792 1522 naufragio.
838 1432 881 1498 Et
911 1448 1015 1498 tamen
1038 1454 1138 1523 quum
1158 1433 1297 1499 Punicae

231 1543 366 1633 praedae
397 1542 545 1611 omuibus
572 1544 799 1635 promontoriis
823 1545 1000 1635 insulisque
1018 1544 1247 1612 frustrarentur
1265 1558 1298 1612 et

230 1655 412 1734 fluitarent,
440 1656 579 1747 populus
608 1657 772 1723 Romanus
803 1670 835 1724 et
863 1658 907 1723 sie
927 1657 1165 1750 triumpharit.’'
1211 1659 1298 1725 Huic

231 1768 404 1834 narrationi
421 1768 583 1860 praecedit
597 1769 693 1860 appii
704 1768 819 1836 Claudi
834 1770 940 1837 clades
961 1771 1036 1837 anui
1053 1775 1134 1850 505,
1151 1794 1296 1862 sequun-

229 1892 281 1947 tur
306 1881 427 1947 Lutatii
456 1880 563 1948 catuli
591 1904 640 1948 res
659 1895 765 1972 gestae
789 1883 970 1964 saniora,
993 1884 1076 1951 inter
1095 1908 1176 1976 quus
1197 1907 1297 1951 annos

228 1995 360 2060 uictoria
388 1994 445 2060 ista
474 2005 507 2060 et
537 1994 736 2083 naufragium
761 1994 969 2074 collocanda,
999 1996 1039 2063 de
1063 1998 1181 2088 quibus
1201 1998 1297 2065 nimis

227 2109 311 2173 elate
332 2108 445 2173 Florus
467 2106 588 2173 scribit.
621 2107 745 2173 Erravit
767 2118 872 2173 tamen
892 2107 980 2197 quud
1000 2108 1181 2176 consulatui
1196 2112 1296 2177 nostri

229 2220 380 2286 Buteonis
411 2218 491 2285 illud
521 2217 671 2285 accidisse
699 2218 816 2297 tradit,
845 2243 920 2284 nam
950 2232 1074 2287 constat
1101 2244 1137 2286 er
1159 2222 1296 2310 Polybio

226 2346 298 2423 post
312 2355 432 2399 annum
449 2337 514 2399 505
534 2332 803 2424 publicennllum
822 2332 942 2409 bellum
961 2334 1294 2425 nasalegestumesse.

276 2447 334 2525 dt,
370 2448 475 2537 inquit
505 2447 655 2538 Pighius,
681 2460 758 2513 tnnc
790 2445 995 2537 cogitandum
1024 2449 1084 2514 erit
1108 2447 1150 2513 de
1173 2449 1295 2540 priuata

226 2560 343 2638 classe,
376 2558 416 2624 de
437 2582 500 2649 qua
523 2560 658 2626 Zonaras
677 2570 795 2626 monet.
842 2558 917 2625 Nou
938 2559 1050 2639 eredo,
1076 2584 1148 2626 nam
1172 2560 1294 2628 bellum

226 2674 394 2764 piraticum
415 2695 480 2739 nou
502 2684 624 2739 tanturn
646 2672 728 2752 luit,
751 2672 838 2763 quod
860 2675 885 2738 si
906 2672 1033 2753 fuisset,
1057 2673 1097 2739 de
1117 2685 1204 2741 tanta
1226 2675 1295 2741 ric-

227 2787 307 2852 toria
327 2785 450 2876 aliquid
471 2785 563 2852 nobis
583 2786 736 2876 Polybius
759 2798 815 2852 aut
837 2785 975 2853 Zonaras
1007 2785 1205 2868 tradidisset3
1237 2812 1295 2855 nc·

228 2922 290 2990 que
316 2899 441 2990 privata
467 2899 574 2965 classis
604 2900 728 2967 Poenae
755 2913 836 2967 esset
857 2901 1103 2992 aequiparanda.
1149 2901 1192 2965 At
1210 2900 1295 2968 fama

226 3011 281 3078 illa
310 3014 355 3078 sie
384 3012 591 3102 explicanda,
614 3024 650 3078 ut
683 3013 726 3079 M.
749 3012 830 3078 sorte
856 3013 1034 3103 legeretur,
1069 3012 1124 3078 nbi
1148 3014 1235 3080 Fasti
1254 3014 1294 3082 N.

227 3125 318 3205 dant,
337 3127 419 3192 siout
440 3125 516 3192 olim
535 3126 644 3192 Mareu
664 3125 841 3217 adscriptus
858 3140 912 3193 est
923 3125 1108 3192 consulatus
1126 3128 1202 3193 507.
1226 3126 1294 3193 Νο·

227 3240 350 3306 sissima
379 3239 471 3306 lahni
495 3240 593 3306 editio
612 3264 676 3306 nun
703 3239 779 3305 huic
799 3239 884 3305 lavet
907 3239 1071 3329 opinioni3
1094 3252 1199 3330 posset
1220 3242 1294 3329 qui·

226 3353 298 3420 dern
321 3376 394 3420 cum
416 3354 575 3420 [ornando
606 3354 668 3444 legi
692 3353 906 3420 nominativus
935 3352 1007 3419 »M.
1026 3351 1143 3418 Fabius
1163 3352 1294 3433 Ruteo⁴',

227 3480 258 3533 et
270 3489 345 3533 cum
355 3467 467 3534 codice
477 3467 516 3534 Ν.
527 3480 559 3534 et
569 3466 731 3542 lornando
747 3467 852 3533 omitti
861 3464 942 3531 illud
962 3465 1157 3543 »consule,”
1177 3464 1294 3531 sedvel

226 3583 270 3648 sic
292 3594 398 3647 tamen
419 3594 526 3648 manet
546 3581 719 3647 difficultas
740 3582 772 3645 in
793 3603 850 3657 eo,
879 3578 967 3670 quod
988 3578 1152 3667 subiungit
1182 3578 1294 3644 »clas-

224 3719 291 3763 sem
319 3697 382 3762 iam
411 3695 497 3761 ultro
522 3696 555 3761 in
575 3694 703 3761 ltaliam
725 3694 956 3782 nauigantem?⁹
1004 3693 1094 3758 Esset
1114 3715 1180 3757 non
1201 3693 1294 3758 inau-

226 3809 311 3875 ditus
333 3832 417 3875 anno
434 3812 498 3874 509
515 3810 694 3874 Poenorum
719 3807 753 3872 in
775 3806 903 3872 ltaliam
924 3806 1088 3884 traiectus,
1106 3827 1180 3870 nam
1196 3805 1293 3871 modo

227 3922 362 3989 vidimus
391 3923 514 3989 Poenos
540 3923 604 3988 iarn
628 3943 713 3987 anno
734 3924 798 3986 507
822 3942 891 3986 oras
911 3918 1022 3985 ltaliae
1042 3917 1293 4009 depopulantes,

225 4049 321 4128 atque
350 4048 423 4102 ante
443 4035 525 4101 illud
555 4048 681 4125 tempus
709 4032 861 4099 acciderit
890 4054 1018 4099 necesse
1043 4044 1109 4110 est,
1133 4032 1198 4098 imo
1219 4045 1293 4098 ante

227 4154 301 4228 506,
320 4172 420 4239 quum
440 4148 570 4240 publiea
592 4147 698 4214 classis
720 4158 895 4238 postrema3
920 4169 1002 4236 quae
1024 4168 1124 4236 quum
1145 4145 1190 4210 ita
1212 4146 1293 4224 sint,

225 4263 361 4329 Buteoni
393 4262 506 4328 Florus
532 4286 590 4353 per
617 4284 755 4329 errorem
791 4260 921 4339 tribuit,
960 4283 1042 4350 quae
1071 4259 1183 4326 eodem
1212 4259 1294 4325 tristi

225 4399 307 4442 anno
329 4378 394 4443 505
418 4373 617 4454 acciderant,
634 4376 673 4441 de
693 4399 757 4466 quo
773 4373 869 4441 modo
885 4373 1028 4453 dixerat,
1047 4373 1155 4452 brevi,
1180 4372 1293 4463 opinor

225 4503 295 4579 post
333 4488 456 4556 cladem
495 4488 589 4581 Appii
626 4488 752 4557 Claudii
786 4501 895 4556 contra
930 4487 1069 4580 auspicia
1102 4484 1294 4579 pugnantis,
