3212 5294
381 402 402 483 ς
423 403 453 464 7.
474 419 617 463 nrcraroa
639 401 708 463 441.
734 401 756 483 5
775 402 804 464 8.
825 420 935 465 corsua
958 405 999 466 ll.
1021 405 1091 468 444.
1214 405 1274 468 att

207 600 284 665 sicut
310 596 419 663 Livius
443 617 574 688 quoque
593 596 687 676 lecit3
720 620 781 664 nec
810 598 877 664 sine
899 599 1020 665 lacunis
1044 597 1176 667 historia
1200 601 1268 668 tto·

206 734 293 778 urana
314 733 384 776 sero
404 721 476 801 post
496 709 690 800 conscripta,
714 710 754 776 ad
774 734 831 776 nos
849 713 1003 802 pervenit.

246 823 374 890 Bellum
397 823 480 889 etin
503 822 634 889 Samnio
651 835 683 888 et
702 823 734 888 in
749 824 876 890 Etruria
894 838 961 891 erat
979 826 1171 916 gerendum,
1191 850 1268 893 nam

207 961 301 1030 quarn
320 936 447 1002 iamiam
460 933 657 1002 Samnitibus
673 937 849 1026 superiores
862 938 975 1004 fierent
987 939 1139 1018 Romani,
1157 952 1268 1005 contra

208 1050 351 1118 lltruscos
372 1049 515 1115 Sutrium
537 1049 718 1115 obsidentes
742 1051 792 1141 agi
803 1062 938 1142 poterat.
985 1050 1101 1118 Fabius
1129 1053 1268 1144 suscepit

206 1165 308 1255 copias
339 1161 376 1247 Q.
400 1162 542 1242 lanitii,
567 1161 784 1254 triumphandi
814 1185 908 1229 cansa
929 1186 966 1230 ex
987 1164 1113 1230 Etruria
1136 1166 1268 1243 reversi,

208 1276 279 1343 dum
306 1277 448 1366 collegae
472 1276 596 1342 bellum
618 1274 828 1342 Samniticum
850 1277 1031 1344 obvenerat.
1079 1278 1139 1344 llic
1160 1279 1267 1344 statius

207 1391 365 1479 proiectus
385 1402 433 1455 est
455 1388 567 1454 dllilas
589 1389 755 1456 obsidione
775 1402 973 1470 exemturus,
989 1413 1049 1456 nec
1065 1390 1181 1457 frustra
1195 1414 1268 1456 nam

206 1503 234 1567 ri
260 1503 372 1568 urbem
402 1504 569 1594 sociosque
590 1503 755 1581 liberarit,
779 1503 946 1593 multaque
965 1516 1073 1595 postea
1094 1504 1180 1595 cepit
1200 1526 1269 1569 cas·

205 1616 294 1696 tella,
327 1616 406 1682 dum
433 1617 466 1683 Ρ.
488 1615 656 1683 Cornelius
681 1617 738 1707 qui
765 1629 911 1708 praeerat
931 1618 1023 1683 classi
1044 1618 1208 1684 Romanae
1228 1617 1268 1682 ad

203 1727 370 1819 Pompeios
404 1730 530 1819 appulit
566 1751 743 1819 agrumque
772 1728 970 1799 Nucerinum
1001 1731 1174 1822 populatus
1202 1742 1268 1809 est,

202 1841 285 1906 unde
307 1853 413 1907 tamen
433 1841 527 1906 latius
547 1842 702 1932 progressi
723 1842 772 1907 rix
791 1842 830 1907 ad
851 1866 946 1909 nares
968 1843 1140 1910 redierunt.

244 1955 316 2039 Quo
345 1968 488 2046 tempore
516 1956 634 2020 Fabius
659 1955 692 2020 in
722 1956 881 2022 Etruriam
907 1957 1072 2047 profectus
1093 1969 1156 2035 est,
1182 1955 1267 2021 Galli

198 2069 307 2160 plures
338 2069 491 2135 tenebant
521 2068 696 2134 Tuscorum
729 2069 837 2148 urbes,
872 2093 967 2160 quanr
995 2071 1037 2149 ob
1063 2092 1129 2135 rem
1150 2069 1265 2134 mirum

199 2183 278 2249 mihi
307 2182 440 2262 accidit,
473 2183 560 2273 quod
593 2204 712 2247 nornen
741 2204 851 2247 eorum
873 2183 904 2247 in
926 2181 985 2247 hae
1007 2181 1156 2248 historiae
1176 2193 1267 2272 parte

195 2319 260 2362 non
280 2308 436 2363 occurrat.
483 2294 625 2362 Sutrium
645 2295 687 2361 ab
706 2295 847 2361 Etruscis
869 2294 1093 2373 obsidebatur,
1111 2293 1149 2359 ad
1170 2316 1266 2384 quam

195 2409 308 2475 urbem
330 2432 395 2499 qno
414 2407 511 2474 modo
532 2410 743 2499 pugnaverint
763 2409 854 2473 Fabii
874 2408 1013 2498 legiones
1025 2406 1133 2471 Livius
1149 2422 1158 2457 ¹
1172 2405 1266 2471 uobis

194 2521 343 2588 tradidit:
370 2521 462 2588 Tusci
484 2543 613 2586 suornm
633 2543 766 2586 numero
788 2520 862 2586 freti
882 2521 978 2586 eitius
997 2519 1104 2585 omnia
1125 2540 1180 2584 sua
1202 2518 1266 2584 tela

193 2636 366 2701 emiserant
398 2634 544 2699 cominus
570 2634 761 2724 pugnaturi,
802 2634 857 2699 sed
896 2632 1014 2698 turbati
1047 2644 1121 2699 sunt
1152 2655 1170 2697 a
1200 2631 1266 2696 Ro·

195 2749 318 2826 manis,
347 2749 404 2838 qui
431 2771 468 2815 cr
490 2749 559 2813 loco
579 2748 690 2813 altiore
710 2771 857 2837 magnam
880 2747 941 2813 rim
961 2745 1105 2837 lapidum
1126 2746 1267 2837 ingesse-

191 2874 270 2928 runt
299 2863 333 2926 in
359 2885 430 2939 eos;
458 2885 531 2927 mor
558 2860 716 2951 fugientes
738 2860 919 2926 inciderunt
937 2860 971 2925 in
991 2861 1153 2927 Romanos
1173 2859 1266 2950 eqni·

191 2984 255 3051 tes,
288 2987 320 3040 et
347 2974 392 3039 sic
411 2973 550 3040 Romani
569 2987 670 3039 castra
690 2997 799 3040 eorum
823 2973 1012 3065 depopulati
1033 2974 1157 3040 hostem
1179 2986 1265 3039 trans

187 3087 306 3153 silvam
343 3085 515 3152 Ciminiam
548 3087 707 3177 persecuti
737 3099 822 3154 sunt.
876 3087 930 3156 Sic
964 3085 1090 3167 Livius,
1124 3108 1265 3178 quocum

187 3199 354 3265 consentit
373 3199 530 3265 Diodorus
551 3199 691 3265 scribens
716 3199 834 3266 Tuscos
854 3222 921 3265 esse
943 3199 1043 3265 rietos
1065 3224 1082 3264 a
1101 3198 1265 3266 Romanis.

237 3311 476 3403 Apparetbanc
489 3335 630 3404 pugnam
646 3312 684 3377 ad
698 3312 841 3378 Sutrium
851 3313 957 3378 locum
969 3311 1132 3392 habuisse,
1147 3314 1264 3381 sedvel

184 3426 234 3491 sic
259 3439 368 3491 tamen
390 3448 454 3491 non
478 3438 654 3517 potuerunt
676 3425 842 3492 obsidione
864 3425 1000 3491 liberare
1019 3425 1107 3493 illam
1129 3428 1260 3507 urbem,

185 3539 276 3605 banc
298 3539 340 3605 ob
360 3562 502 3618 causam,
523 3562 586 3604 nou
606 3561 679 3605 aero
701 3537 786 3630 quod
808 3538 927 3605 vellent
949 3538 1072 3605 hostem
1095 3540 1265 3632 persequi,

183 3653 331 3718 Romani
360 3652 532 3718 Ciminium
562 3652 677 3717 saltum
707 3654 877 3718 intrarunt.
928 3650 1071 3719 Sutrium
1099 3654 1260 3720 obsessum

183 3766 349 3831 tenebant
377 3765 518 3845 Etrusci,
552 3788 634 3855 quae
655 3787 756 3854 quum
774 3764 911 3830 claustra
932 3765 1077 3831 Etruriae
1097 3766 1176 3844 sint,
1199 3767 1260 3832 iter

181 3878 346 3944 Romanis
366 3879 399 3943 iu
421 3879 580 3944 Etruriam
598 3877 742 3943 clausurn
757 3890 839 3958 erat3
864 3878 890 3943 si
906 3878 968 3943 iam
985 3878 1121 3956 Fabius,
1147 3878 1258 3946 urbem

179 3990 374 4069 liberasset,
396 4014 459 4057 non
477 4016 556 4083 opus
574 3993 685 4058 luisset
703 4015 762 4082 per
779 3990 902 4057 deviam
920 3992 1031 4059 silvam
1049 3994 1080 4056 in
1098 3992 1259 4060 Etruriam

178 4123 347 4195 pergere,
363 4127 468 4194 neque
489 4130 564 4171 vero
586 4119 663 4171 tunc
683 4105 850 4171 obsidione
871 4104 985 4171 urbem
1006 4106 1170 4172 liberatam
1193 4131 1259 4174 esse

173 4218 318 4310 scripsit
347 4217 463 4284 Livius.
512 4219 605 4285 Tusci
634 4231 745 4285 contra
774 4219 813 4284 ad
841 4217 985 4285 Sutrium
1016 4233 1203 4289 manserunt
1228 4234 1259 4288 et

207 4467 231 4536 ¹)
252 4469 309 4521 IX.
328 4475 375 4531 ³5;
393 4471 481 4522 Frout.
500 4465 579 4522 Strui.
598 4473 633 4522 lI.
654 4477 668 4522 5
688 4474 703 4537 ᾗ
722 4478 745 4522 2.
