3212 5294
324 451 389 533 53.
412 469 587 513 rossanum
608 470 645 513 ar
668 470 765 514 treats
787 471 824 514 ne
846 472 913 515 rona
933 471 1108 519 rourrrrcro.
1193 456 1252 517 211

231 645 320 713 llaec
348 649 491 738 quinque
512 646 667 713 rocabula
689 647 728 713 ad
749 671 830 739 opus
850 647 1037 717 historicum
1060 649 1179 717 debent
1199 673 1250 717 re·

186 760 260 826 lerri
288 773 368 827 teste
396 761 519 840 Nonio,
542 782 603 826 nec
624 760 727 827 obstat
748 775 986 851 argumentum
1010 775 1148 829 attamen
1169 763 1251 830 mibi

185 896 248 939 non
274 897 403 965 possum
427 872 618 966 persuadere
637 874 725 965 quod
744 873 929 965 Nipperdey
948 876 988 941 de
1010 876 1164 942 hocloco
1185 888 1250 943 sta-

187 989 262 1068 tuit,
286 990 416 1054 unicum
439 1000 561 1055 tautum
585 987 622 1072 Q.
638 988 775 1054 Fabium
795 989 957 1055 annalium
977 990 1117 1080 primum
1135 1002 1250 1056 aucto-

184 1125 250 1167 rem
271 1126 307 1167 ea
326 1103 493 1194 scripsisse.
530 1103 669 1191 Arripuit
691 1101 867 1168 Harlessius
883 1101 1193 1182 boetestimoniuru‚
1213 1115 1249 1167 ut

184 1215 314 1280 titulum
339 1214 426 1281 illius
450 1215 554 1306 operis
580 1213 728 1291 baberet,
752 1228 784 1280 et
804 1227 890 1281 recte
913 1214 1140 1280 demonstrarit
1161 1214 1248 1281 idem

184 1327 239 1392 ille
258 1327 491 1394 Bernhardium
511 1341 518 1377 ¹
546 1350 678 1406 errasse,
703 1328 790 1418 quod
810 1350 847 1393 er
863 1328 983 1417 gentile
999 1328 1139 1419 quodam
1156 1329 1249 1395 Fabii

182 1441 291 1507 annali
310 1441 417 1508 locum
435 1441 617 1507 desumturn
636 1440 791 1506 erederet.
825 1441 987 1531 Equidem
1003 1441 1163 1507 contendo
1179 1442 1249 1507 beri

182 1576 291 1644 posse,
316 1567 351 1619 ut
369 1553 529 1644 pontificii
547 1553 621 1618 libri
642 1565 755 1619 auctor
773 1553 852 1619 baec
874 1554 968 1621 verbe
989 1554 1167 1645 scripserit,
1191 1554 1249 1620 ubi

180 1689 308 1732 causam
343 1668 531 1758 explicaret,
567 1688 627 1732 eor
655 1667 735 1735 baec
764 1668 829 1732 aris
860 1667 1013 1734 Romanis
1042 1691 1127 1734 saera
1156 1681 1248 1735 esset.

183 1778 348 1871 Quidquid
372 1792 433 1858 est,
458 1781 577 1846 ineerta
597 1793 671 1845 sunt
689 1781 820 1847 omnino
842 1804 924 1872 quae
946 1783 1123 1849 Harlessius
1142 1805 1180 1848 er
1200 1782 1249 1847 bis

182 1894 283 1959 verbis
310 1893 461 1972 deduxit,
494 1892 529 1976 Q.
556 1892 713 1960 Pictorem
738 1916 855 1984 nempe
875 1895 936 1960 alia
956 1896 989 1961 in
1011 1896 1133 1962 Graeco
1153 1918 1249 1986 opere

179 2007 240 2071 alia
266 2006 299 2071 in
325 2007 440 2072 Latino
461 2006 634 2096 scripsisse,
658 2007 683 2071 si
702 2006 834 2097 quidem
856 2007 896 2072 de
914 2008 988 2097 pico
1010 2008 1120 2075 Martis
1140 2009 1173 2074 in
1190 2032 1250 2099 ge-

181 2120 340 2185 minorum
366 2119 495 2185 historia
529 2118 613 2209 apud
645 2099 834 2207 Dionysium
863 2119 972 2184 nullus
1001 2143 1105 2186 sermo
1134 2121 1187 2201 fir;
1216 2133 1248 2186 at

181 2233 287 2298 omisit
307 2232 388 2299 illud
410 2233 581 2321 Dionysius
601 2231 695 2297 aliam
718 2231 836 2297 famam
857 2232 1049 2322 praeferens.

180 2456 249 2527 N⁰.'
269 2458 326 2526 xl.
359 2459 469 2550 Lupus
485 2458 712 2535 masculinum,
729 2479 926 2548 quamquam
939 2456 1038 2524 Varro
1051 2458 1085 2522 in
1097 2480 1135 2523 eo
1149 2456 1248 2537 libro,

272 2573 303 2637 in
332 2595 396 2663 quo
421 2572 511 2636 initia
532 2571 618 2636 urbis
638 2571 758 2636 Rornae
776 2582 920 2650 enarrat,
943 2570 1057 2660 lupum
1075 2569 1249 2637 foeminam

268 2686 366 2764 dicit,
390 2686 530 2751 Ennium
553 2684 777 2774 Pictoremque
790 2684 934 2751 Fabium
951 2696 1078 2750 secutus
1102 2696 1127 2750 ².

182 2815 188 2820 “
226 2800 333 2865 Primo
359 2798 486 2864 obtuitu
517 2797 640 2863 ridetur
669 2796 708 2882 Q.
738 2798 857 2864 Fabius
885 2799 919 2865 in
948 2799 1118 2865 annalibus
1141 2797 1249 2864 dicere

179 2914 321 3005 potuisse
350 2912 465 3001 lupum
492 2911 667 2976 foeminam
690 2910 724 2976 id
745 2924 793 2978 est
818 2911 964 2978 Faustuli
981 2935 1112 2979 urorem
1134 2912 1250 2991 luisse,

180 3051 243 3092 non
275 3026 316 3091 de
343 3025 443 3090 bestie
463 3048 539 3112 ergo
558 3023 764 3114 cogitandum
781 3049 865 3105 esse,
889 3049 963 3092 nam
983 3026 1102 3117 duplex
1121 3026 1176 3091 illa
1197 3024 1249 3093 sa-

178 3162 248 3204 mae
270 3139 438 3228 explicatio
460 3136 637 3215 lerebatur,
659 3137 692 3201 in
713 3161 776 3228 qua
798 3138 917 3204 Fabius
937 3151 970 3203 et
987 3138 1060 3203 Piso
1081 3161 1146 3203 noo
1169 3161 1248 3203 eon·

179 3252 367 3317 sentiebant.
404 3250 476 3316 Non
496 3263 602 3315 tamen
619 3252 662 3315 ita
683 3263 747 3329 est,
769 3250 1003 3333 Quinctilianus
1023 3251 1084 3315 sibi
1103 3249 1172 3316 vult
1188 3274 1247 3341 pro

177 3366 259 3455 limo
277 3364 392 3429 dixisse
411 3375 532 3428 veteres
551 3364 973 3454 luprrmfoeminam,atqui
992 3363 1099 3428 Pictor
1118 3363 1173 3429 ille
1184 3363 1248 3428 La·

179 3480 246 3544 tine
262 3477 326 3542 boo
342 3475 779 3566 scripsit3quamobcausrm
795 3476 903 3542 locum
915 3476 1040 3542 huncce
1051 3475 1154 3541 eidem
1172 3498 1247 3541 nos-

180 3604 228 3656 tro
245 3590 376 3655 vindico
391 3601 422 3654 et
441 3589 588 3654 abiudico
606 3611 679 3655 eum
698 3586 809 3672 Quinti
821 3589 988 3655 annalibus
1003 3588 1121 3653 Latinis
1133 3600 1244 3654 contra

180 3705 372 3770 llarlessiam
396 3714 420 3769 ³.
469 3701 637 3786 Quaeritur
662 3714 787 3779 autem,
811 3723 852 3766 an
875 3723 1001 3767 neeesse
1017 3702 1057 3765 sit
1081 3701 1145 3766 duo
1166 3698 1245 3766 baec

177 3817 270 3883 rerba
299 3816 384 3880 libro
416 3813 566 3880 historico
596 3813 749 3892 tribuere;
773 3811 926 3901 equidem
947 3834 1012 3876 non
1032 3811 1144 3890 eredo,
1168 3836 1243 3879 narn

176 3953 235 3995 cur
264 3954 383 4022 quaeso
408 3952 472 3994 non
499 3928 644 3995 desumto
665 3949 731 3993 esse
750 3938 884 4017 possunt
904 3949 939 3991 ex
961 3925 1043 3991 libro
1064 3926 1140 3991 iuris
1160 3949 1244 4016 pon-

179 4044 296 4109 tificii?
346 4042 575 4108 Sacrifieabant
607 4041 703 4132 prisci
727 4039 866 4106 Romani
890 4039 982 4127 lupos
1011 4039 1244 4105 averruneaudi

175 4179 288 4238 causa3
323 4179 422 4247 quum
454 4157 517 4222 iam
545 4165 671 4220 constat
697 4153 730 4218 in
749 4176 783 4218 re
804 4175 889 4218 saera
910 4152 1129 4242 antiquissima
1149 4175 1245 4219 roca·

175 4269 251 4335 bula
279 4270 484 4360 perdurasse,
516 4291 574 4333 eur
602 4290 666 4333 non
691 4288 848 4358 ponamus
876 4265 939 4332 hoe
963 4289 1030 4333 esse
1055 4267 1177 4333 dietum
1204 4266 1244 4332 de

211 4512 230 4582 ¹)
246 4515 307 4580 Peg.
326 4520 385 4567 524.
456 4512 476 4581 Ἄ)
495 4513 616 4578 Quinctil.
635 4511 696 4563 last.
714 4510 781 4563 Orat.
799 4512 822 4562 Ι.
841 4514 856 4559 b
874 4509 888 4576 d
908 4515 947 4561 ta.
1017 4507 1037 4575 ⁵)
1055 4510 1118 4573 Pag.
1139 4514 1179 4560 1⁴.

1068 4593 1131 4657 14*
