3190 5304
290 441 313 523 6
331 442 360 502 6,
382 459 505 510 ouscsr.
524 439 593 503 62⁰.
615 439 635 522 5
654 440 683 502 4.
701 459 863 503 rnaurccr.
884 459 1015 504 aruaorr.
1033 442 1104 505 622.
1183 445 1242 508 403

347 681 365 763 §
392 682 422 745 4.
469 639 670 766 Praefectus
695 676 911 744 Tauromenr'r'
931 682 996 744 622
1024 690 1047 745 ¹.

214 859 303 925 luter
317 859 463 950 exemplo
477 859 664 950 disciplinae
681 859 826 926 militaris
842 872 969 928 strenue
985 863 1025 950 ab
1041 861 1232 953 imperatore

167 973 313 1041 Romano
333 974 530 1052 observatae,
555 996 650 1065 quaro
671 971 758 1039 haud
777 974 893 1040 iniuria
910 974 989 1040 dixit
1005 975 1148 1042 Valerius
1167 989 1232 1044 sta-

165 1088 369 1155 bilimentum
387 1087 524 1154 Romani
538 1086 678 1178 imperii,
695 1088 784 1152 affert
796 1087 857 1152 hcc
879 1110 1023 1179 quoque,
1040 1112 1105 1180 quo
1116 1089 1150 1158 Ρ.
1163 1090 1232 1157 Ru·

161 1202 260 1292 pillus
280 1201 393 1267 consul
413 1200 522 1280 bello,
548 1199 635 1290 quod
662 1201 696 1267 in
721 1198 829 1267 Sicilia
854 1223 927 1268 curn
952 1202 1092 1291 fugitivis
1119 1203 1229 1292 gessit,

166 1337 252 1382 anuo
280 1315 377 1404 igit-ur
406 1317 472 1380 622
499 1326 533 1380 et
559 1314 722 1404 sequenti,
764 1314 985 1381 animadvertit
1014 1316 1048 1380 iu
1078 1339 1231 1405 generum

164 1450 259 1495 suurn
290 1427 327 1510 Q.
358 1427 514 1507 Fabium,
545 1450 640 1517 quem
664 1428 827 1519 provincia
854 1429 943 1495 iussit
962 1428 1132 1510 decedere,
1156 1430 1232 1521 quia

164 1540 357 1630 negligentia
377 1563 432 1606 sua
450 1540 748 1609 Tauromenitanam
769 1563 874 1607 arcem
896 1543 1051 1609 amiserat.

208 1651 391 1721 llaulrhiunr
411 1665 537 1719 secutus
555 1652 700 1742 intelligo
720 1654 964 1744 Allobrogicum
984 1666 1149 1736 nostrum,
1169 1655 1231 1721 eti·

163 1766 243 1835 arusi
276 1766 356 1833 ratio
386 1777 434 1832 est
461 1765 558 1855 paulo
586 1766 752 1844 incertior,
785 1790 859 1833 narn
889 1768 1069 1858 ignoramus
1097 1768 1231 1859 quinam

162 1880 202 1964 Q.
222 1878 341 1946 Fabius
360 1878 492 1968 Rupilio
518 1901 617 1968 gener
641 1878 748 1945 luerit.
781 1879 916 1970 Propter
932 1904 1070 1961 annum,
1096 1904 1161 1971 quo
1182 1904 1232 1948 res

161 1993 218 2059 illa
245 1995 381 2073 accidit,
411 2015 476 2058 uon
506 1991 674 2057 verisimile
699 2004 746 2067 est
766 1994 906 2081 cogitare
926 1992 967 2058 de
988 1994 1120 2062 Eburno
1138 2017 1233 2085 prae·

161 2118 232 2172 tore
249 2111 290 2172 13
301 2106 391 2172 annis
401 2117 489 2196 post,
504 2105 594 2194 atqui
608 2103 832 2194 Allobrogicus
843 2117 1012 2195 quaestura
1025 2110 1090 2172 620
1101 2107 1232 2174 iunctus

56 2207 59 2217 ¹
160 2220 271 2311 quiin
292 2218 399 2285 Sicilia
421 2218 528 2284 nescio
548 2240 612 2308 quo
629 2218 723 2283 titulo
740 2217 892 2307 degebat,
915 2219 1045 2284 aserris
1063 2241 1231 2310 oppressus

159 2356 265 2399 erceur
286 2332 602 2411 Tauromenitanam,
626 2354 725 2422 quam
746 2330 896 2409 tenebat,
921 2330 1035 2397 omisit.
1083 2331 1230 2421 Rupilius

160 2446 297 2511 simulac
316 2445 401 2510 reuit
417 2444 449 2510 in
467 2443 610 2509 Siciliam
626 2461 703 2508 cum·
719 2443 941 2510 strenuissimis
956 2443 1074 2533 copiis,
1093 2444 1231 2512 Fabium

159 2557 285 2626 etiarnsi
306 2555 461 2620 affinitate
481 2554 541 2619 sibi
561 2555 705 2619 iunctum
725 2577 784 2644 pro
804 2555 939 2644 imperio
959 2554 1113 2621 decedere
1124 2555 1230 2636 iubet;

149 2674 208 2741 ¹sic
236 2672 323 2739 enirn
351 2669 510 2760 agendum
534 2680 601 2734 erat
624 2680 733 2735 contra
753 2668 961 2758 fugitivorum
982 2669 1125 2758 copiam,
1149 2692 1230 2759 quos

158 2785 299 2855 Romani
328 2782 454 2849 nonnisi
481 2805 604 2849 summa
633 2782 747 2855 uirium
777 2782 956 2848 intentione
977 2782 1105 2847 vincere
1122 2794 1155 2847 et
1175 2782 1232 2849 de·

159 2902 229 2967 lere
246 2909 441 2988 potuerunte
460 2919 525 2986 quo
546 2893 644 2961 modo
665 2919 769 2962 arcem
796 2896 1096 2963 Tauromenitanam
1119 2897 1231 2962 consul

154 3012 316 3104 receperit
336 3011 432 3079 trudit
452 3008 611 3077 Diodorus
633 3020 658 3077 ².

342 3195 360 3277 ᾗ
381 3196 411 3257 5.
458 3191 705 3281 propraetore
720 3190 916 3283 Hispaniae
934 3194 995 3257 631
1024 3203 1048 3257 ³.

203 3352 354 3417 Praetura
384 3349 511 3415 iunctus
539 3359 586 3414 est
609 3361 719 3415 noster
747 3374 833 3415 anno
855 3355 935 3428 630,
959 3372 1032 3415 narn
1065 3344 1229 3412 Plutarchi

158 3464 345 3531 testimonio
374 3460 528 3529 docemur
551 3484 624 3527 euru
651 3463 684 3529 ia
704 3462 857 3553 Hispania
877 3461 972 3527 luisse
1000 3484 1059 3552 pro
1082 3471 1228 3550 praetore

154 3599 244 3645 anno
265 3575 424 3667 sequenti,
448 3573 504 3640 ubi
522 3573 562 3640 de
578 3596 669 3640 auore
689 3575 803 3641 misere
832 3574 1022 3641 excruciavit
1047 3572 1226 3663 provincia·

153 3692 221 3769 les,
246 3711 325 3779 quos
346 3689 509 3778 ingentem
529 3688 594 3755 rim
611 3688 767 3755 frumeuti
783 3689 918 3754 Romana
934 3685 1110 3752 subvehere
1126 3685 1227 3751 iussit.

152 3803 244 3869 Hinc
255 3799 291 3868 G.
302 3800 465 3869 Gracchus
483 3802 644 3867 tribunatu
656 3801 792 3891 iungens
809 3802 950 3879 censuit,
969 3813 1005 3864 ut
1020 3798 1226 3864 senatuslru·

151 3927 304 3982 mentum
323 3913 406 3977 illud
427 3913 578 3980 venderet
597 3913 812 4004 Hispanisque
832 3925 997 4002 argentum
1015 3911 1176 3990 redderet,
1194 3923 1227 3977 et

152 4026 276 4094 Fabius
298 4026 330 4089 in
350 4025 398 4089 ius
419 4037 601 4104 vocaretur,
623 4026 661 4096 ὡς
683 4026 810 4105 ἐπαχθῆ
832 4025 884 4088 aori
907 4022 1062 4105 ἀφόρητον
1078 4029 1227 4088 ποιοῦνται

150 4139 326 4219 τὴνάρχὴν
341 4146 405 4209 τοῖς
418 4138 594 4218 ἀνθρώποις,
620 4137 720 4203 idest
741 4137 781 4204 de
800 4135 943 4227 pecuniis
964 4133 1164 4223 repetundis,
1189 4148 1226 4201 ut

149 4253 202 4319 sic
221 4250 386 4341 publicum
412 4249 558 4316 eraderet
579 4250 759 4339 exemplum
780 4273 876 4341 quem
896 4249 1018 4314 tristem
1038 4247 1072 4313 in
1090 4247 1224 4314 modum

183 4505 208 4571 ¹)
226 4504 286 4556 Vol.
295 4503 367 4553 Max.
376 4504 413 4553 11.
426 4505 448 4553 7.
458 4507 483 4553 3.
509 4497 531 4566 ²)
546 4501 622 4553 XIV.
634 4506 644 4551 l
654 4540 662 4564 ,
672 4507 702 4563 2,
712 4517 735 4567 p.
748 4503 795 4553 137
806 4499 904 4550 Teubu.
931 4493 951 4567 ⁸)
969 4498 1037 4550 Plut.
1052 4496 1078 4547 0.
1091 4496 1193 4551 Gracci.
1205 4503 1229 4550 6.

1044 4582 1109 4645 26*
