3154 5294
330 442 389 507 156
574 459 602 509 tt·
623 454 725 500 ruerus
746 453 864 511 maron,
886 454 1055 500 nrsrosrcus
1075 426 1150 519 (36).

332 636 467 726 tinguit,
501 633 557 724 qui
585 645 696 698 contra
722 654 889 722 perperam
915 630 992 697 dicit
1011 645 1283 722 compraetorem
1303 633 1399 700 fuisse

333 754 366 817 iu
387 749 474 815 bello
491 744 697 825 Antiochino,
718 769 792 811 nam
811 746 896 810 inter
914 746 1097 836 peregrinos
1121 747 1170 811 ius
1194 745 1282 813 dixit.

370 861 516 950 Denique
534 858 717 936 historicus,
736 881 832 949 quem
845 881 936 949 supra
947 858 1111 948 posuimus
1122 859 1255 925 ineunte
1270 861 1397 927 saeculo

333 987 418 1043 serto
442 997 509 1040 esse
527 983 658 1052 natum,
683 972 914 1061 nonagenarius
946 972 1013 1037 lere
1037 985 1181 1038 mortuus
1212 985 1312 1051 esset,
1341 973 1396 1040 sed

330 1113 394 1156 non
425 1088 480 1152 illa
511 1071 662 1152 Romana
684 1097 731 1151 est
752 1096 836 1150 aetas
844 1113 854 1166 ,-
879 1085 973 1175 longe
993 1084 1114 1150 diutius
1136 1108 1208 1151 eum
1231 1085 1395 1153 historiam

332 1225 419 1269 suam
452 1199 618 1265 extraxisse
647 1197 816 1265 verisimile
842 1210 907 1276 est,
931 1221 1013 1288 quae
1037 1197 1074 1264 ad
1097 1221 1215 1264 annum
1237 1202 1304 1267 550
1323 1211 1395 1264 tan·

333 1329 402 1380 tum
429 1311 582 1404 perducta
611 1309 746 1378 ridetur.
795 1310 954 1402 Equidem
984 1312 1068 1376 inter
1098 1315 1164 1376 560
1183 1324 1214 1377 et
1236 1316 1301 1378 570
1322 1334 1394 1378 eum

331 1439 494 1495 mortuum
520 1447 585 1489 esse
609 1426 780 1515 posuerim.

631 1609 649 1692 §
676 1614 706 1673 5.
752 1597 880 1672 Auctor
902 1605 1096 1672 Annalium.

378 1767 585 1831 Transeamus
617 1763 656 1827 ad
688 1763 784 1828 vitam
817 1761 852 1845 Q.
877 1761 970 1827 Fabii
997 1761 1194 1829 litterariam.
1248 1764 1394 1831 Eundem

330 1891 473 1946 nostrum
502 1876 651 1943 historiae
678 1874 864 1942 scribendae
890 1875 1028 1966 primum
1054 1875 1136 1939 inter
1157 1875 1316 1943 Romanos
1337 1877 1394 1943 de·

330 1992 412 2058 disse
433 2013 579 2082 operam,
601 1990 694 2081 plura
715 1988 877 2054 declarant
893 2000 1036 2053 veterum
1055 1988 1236 2054 testimonia
1265 2000 1288 2069 ¹,
1312 2013 1394 2081 quae

330 2107 414 2172 inter
443 2105 620 2194 fragmenta
648 2102 830 2169 recensebo.
879 2100 1014 2166 Videtur
1039 2100 1157 2167 Fabius
1179 2124 1215 2167 er
1234 2104 1394 2194 legatione

329 2216 428 2283 redux
458 2238 535 2308 opus
563 2238 655 2281 suum
683 2214 870 2280 historicum
888 2213 1084 2293 condidisse,
1110 2215 1181 2304 quis
1201 2217 1288 2281 enim
1308 2216 1394 2307 apud

331 2331 468 2397 Graecos
478 2330 677 2396 Romanasne
692 2329 815 2393 iuvenis
827 2328 966 2393 animum
979 2326 1017 2392 ad
1029 2327 1232 2394 scribendum
1244 2329 1392 2421 appulit?

330 2440 507 2510 Probabilis
527 2439 651 2506 etiamsi
671 2439 792 2506 incerta
811 2438 1039 2528 quorundam²
1061 2452 1108 2504 est
1127 2440 1234 2531 opinio
1257 2420 1391 2506 Fabium

328 2568 361 2622 et
389 2554 536 2621 Cincium
566 2551 731 2618 historiam
760 2551 979 2642 perscribendi
1008 2552 1118 2617 lecisse
1147 2553 1276 2620 initium
1305 2554 1392 2620 bello

328 2668 451 2733 Punico
471 2665 612 2732 secundo
632 2663 671 2729 ad
693 2658 790 2730 linem
813 2677 972 2755 vergente.

374 2779 507 2869 Scripsit
532 2778 649 2842 Fabius
673 2800 721 2842 res
743 2790 845 2867 gestas
865 2778 979 2869 populi
1001 2779 1137 2845 Romani
1156 2778 1198 2843 ab
1219 2802 1278 2846 oro
1299 2802 1392 2869 repe·

327 2895 414 2971 titas,
446 2892 479 2956 id
505 2904 552 2956 est
577 2889 618 2955 ab
647 2889 772 2955 Aeneae
795 2902 807 2940 ³
832 2892 866 2955 in
891 2891 1016 2957 ltaliam
1043 2890 1182 2957 adventu
1207 2905 1239 2957 et
1263 2891 1392 2957 condita

326 3006 417 3074 Urbe
444 3027 544 3095 nsque
566 3003 605 3069 ad
627 3025 714 3068 suam
737 3015 889 3083 aetatem,
912 3003 1062 3070 ultimum
1085 3027 1200 3095 nempe
1220 3006 1288 3072 eius
1307 3005 1391 3095 frag·

326 3131 471 3186 mentum
498 3117 537 3183 ad
563 3139 702 3208 pugnam
722 3116 968 3183 Trasimenicam
988 3117 1139 3206 pertinet.
1175 3118 1248 3208 Egit
1267 3117 1307 3184 de
1325 3118 1391 3183 istis

327 3229 476 3297 omnibus
504 3227 678 3294 secundum
707 3226 896 3315 Dionysium
924 3250 960 3293 ea
982 3228 1122 3306 ratione,
1146 3242 1181 3295 ut
1210 3232 1391 3297 summatim

326 3341 506 3409 tractaverit
527 3339 706 3430 antiquiora
725 3340 768 3404 ‘rai
790 3342 815 3406 δ’
829 3341 956 3421 taxata
969 3341 1012 3405 rai
1028 3342 1130 3419 uaris
1147 3342 1389 3419 nitraviensis

325 3454 444 3526 πόλεως
465 3451 639 3532 γενόμενα,
667 3475 732 3543 quo
752 3452 825 3518 looo
846 3465 881 3517 ut
899 3466 985 3519 recte
1008 3454 1208 3521 observatum
1230 3469 1277 3522 est
1290 3469 1320 3537 ⁴,
1341 3458 1391 3522 ol·

324 3565 429 3633 lendit
448 3566 656 3656 praepositio,
677 3590 750 3631 nam
767 3578 891 3633 constat
910 3566 1046 3633 Fabium
1072 3591 1136 3633 non
1164 3581 1287 3636 tantum
1312 3571 1391 3636 scri·

322 3682 420 3773 psisse
440 3702 523 3770 quae
542 3691 615 3769 post
634 3679 796 3746 conditam
817 3679 940 3746 Urbem
961 3680 1162 3760 acciderunt,
1186 3706 1295 3750 rerum
1319 3685 1390 3750 uni·

323 3817 410 3861 verse
428 3792 468 3858 de
483 3791 612 3859 condita
631 3791 736 3873 Urbe,
752 3792 866 3884 quidni
883 3793 1025 3882 legamus
1042 3795 1084 3860 rol
1097 3796 1199 3862 κατὰ
1210 3799 1264 3871 τὴν
1277 3798 1389 3865 κτίσιν.

324 3903 489 3998 copiosius
518 3928 593 3971 sero
623 3918 747 3972 constat
776 3928 850 3972 eum
870 3907 969 3997 egisse
990 3906 1031 3973 de
1053 3907 1091 3972 iis
1110 3920 1253 3987 tantum,
1272 3909 1390 4000 quibus

322 4021 388 4112 ipse
407 4018 612 4099 interfuerat;
638 4019 803 4086 contendit
823 4021 952 4111 quidem
975 4019 1161 4087 Lachmann
1179 4034 1191 4071 ⁵
1213 4045 1285 4088 eum
1306 4025 1389 4090 anti·

349 4246 371 4312 ι)
388 4247 478 4312 Polyb.
502 4247 554 4296 111.
580 4252 594 4294 s
615 4248 675 4307 §a
698 4248 756 4296 Liv.
780 4249 802 4298 1.
823 4255 870 4309 44,
895 4255 942 4310 rs,
964 4250 1328 4313 talamannia,
1350 4256 1394 4312 rs,

314 4333 382 4397 App.
407 4329 476 4380 Han.
500 4334 541 4381 27.
623 4326 644 4395 ²)
662 4332 808 4396 Baumgart.
831 4332 860 4382 de
885 4332 915 4390 Q.
939 4333 1001 4384 Fac.
1025 4333 1092 4385 Pict.
1110 4338 1125 4384 6
1132 4357 1140 4394 ;
1164 4336 1256 4396 Hertz,
1280 4334 1309 4385 de
1331 4332 1394 4386 Cina.

313 4414 424 4475 Alimcot.
442 4432 467 4482 p.
489 4422 535 4475 113
553 4417 649 4476 Lucas,
668 4414 697 4465 de
714 4425 762 4467 rat.
787 4434 836 4482 qua
858 4416 913 4468 Isia.
931 4416 1019 4485 Polyb.
1043 4417 1127 4485 sequit.
1145 4436 1169 4485 p.
1192 4425 1231 4471 lo.
1319 4417 1339 4487 ³)
1357 4420 1396 4473 Cf.

310 4502 402 4568 fragm.
420 4503 457 4559 IL
526 4498 548 4567 ⁴)
565 4501 719 4566 Hulleman,
737 4501 766 4554 de
783 4500 871 4554 Annal.
891 4501 963 4556 Mos.
982 4519 1005 4569 p.
1027 4508 1066 4556 71.
1138 4503 1158 4572 ⁵)
1175 4506 1198 4558 1.
1217 4509 1258 4556 51.
