3212 5294
547 469 723 514 snsosnnrr
745 469 903 516 tunsurus.
1204 454 1262 519 18³

190 645 279 713 serbi
296 667 392 712 nausa
410 642 489 712 illud
508 644 548 720 oie
567 646 621 713 aral
639 648 763 721 adriae
779 657 887 726 καλεῖ,
903 647 1116 739 intelligerem
1132 650 1158 715 si
1174 664 1255 718 esset

192 759 305 838 odric,
336 759 370 825 id
400 771 462 838 est,
495 759 594 825 tribus
615 783 693 849 quas
722 762 789 852 ipse
816 761 934 828 Fabius
957 761 1080 830 Graeco
1100 765 1256 830 vocabulo

193 873 302 956 φυλάς
331 873 519 964 appellarit3
548 874 635 964 quod
666 874 692 941 si
724 886 809 942 reete
840 875 920 955 ridi,
953 899 1072 944 norum
1102 876 1256 944 babemus

197 988 412 1053 testimoninm
433 986 553 1053 Graeco
569 1010 714 1055 sermone
731 1010 806 1055 eum
826 1011 916 1057 nsum
930 1012 1011 1067 esse,
1030 1002 1062 1056 et
1073 989 1126 1056 hio
1140 1014 1174 1057 re
1185 1013 1256 1059 vera

196 1120 294 1165 unum
311 1099 502 1167 vocabulum
520 1098 691 1182 habemus,
715 1101 803 1193 quod
825 1102 912 1194 apud
933 1103 1070 1171 Fabium
1088 1104 1257 1195 legeretur.

195 1323 249 1389 ΝΟ.
283 1325 367 1393 xxi
414 1324 515 1391 llillia
529 1327 689 1416 octoginta
700 1347 738 1391 eo
748 1325 849 1391 lustro
860 1326 978 1393 cisium
990 1349 1085 1394 censa
1095 1326 1256 1395 dicuntur.

283 1439 402 1505 Adiioit
417 1440 607 1530 scriptorum
623 1439 862 1530 antiquissimus
879 1440 997 1506 Fabius
1011 1440 1119 1507 Pictor
1129 1463 1258 1519 eornm,

284 1552 341 1641 qni
359 1551 442 1617 lerre
464 1574 549 1616 arma
569 1563 713 1642 possent,
727 1573 809 1618 -eum
829 1574 998 1618 numerum
1019 1552 1116 1619 fuisse
1140 1566 1164 1619 ¹.

239 1663 355 1729 Fabius
377 1667 498 1744 80‚000
518 1664 622 1744 dedit,
652 1664 847 1754 Dionysius²
870 1688 944 1731 rero
968 1670 1109 1746 alnoo,
1138 1666 1258 1733 Eutro-

193 1777 299 1867 pius⁸
326 1780 462 1857 83,000;
486 1777 526 1843 de
550 1776 599 1842 his
623 1778 749 1844 incertis
770 1779 910 1845 numeris
930 1779 977 1844 nil
997 1779 1165 1871 probabile
1184 1802 1259 1869 pos·

191 1914 300 1957 sumus
321 1890 500 1982 disputare,
525 1892 615 1981 atqui
634 1889 831 1957 Niebuhrius
850 1899 862 1937 ⁴
884 1891 982 1982 paulo
1002 1892 1153 1958 audacior
1171 1892 1257 1984 apud

193 2001 319 2070 Livium
336 2004 485 2087 eradebat
500 2004 740 2070 rescribendum
758 2027 840 2083 esse,
856 2004 943 2094 quod
960 2005 1044 2097 apud
1065 2006 1257 2095 Eutropium

193 2117 319 2208 legitur.
368 2117 531 2208 Quidquid
550 2131 615 2196 est,
632 2116 808 2184 refellenda
832 2117 1112 2184 ridetnrllabiana
1135 2119 1259 2209 opinio,

192 2242 238 2296 tot
263 2231 424 2297 Romanos
443 2230 525 2297 lerre
543 2253 630 2296 arma
648 2230 808 2320 potuisse;
833 2242 977 2320 quartam
996 2242 1120 2296 tantum
1138 2243 1261 2321 partem

190 2344 338 2411 omnium
367 2344 484 2409 civium
517 2343 550 2409 in
582 2354 685 2409 aetate
712 2337 844 2408 militari
871 2365 938 2408 esse
966 2364 1003 2408 er
1028 2342 1187 2408 constanti
1209 2366 1261 2407 ra·

191 2457 293 2535 tione,
318 2456 463 2549 probarit
486 2454 657 2521 Clintonus
676 2454 812 2521 afferens
832 2455 983 2547 probatos
1003 2453 1063 2519 hac
1082 2454 1117 2519 in
1139 2477 1173 2520 re
1197 2476 1259 2520 nu·

190 2590 314 2649 meros3
329 2569 405 2634 hino
421 2573 545 2650 32,000
561 2570 644 2635 eires
661 2569 824 2635 Romanus
840 2591 914 2659 ager
925 2566 1151 2645 continuisset,
1170 2566 1257 2657 quod

188 2682 321 2748 omnino
350 2682 419 2747 lieri
438 2704 513 2748 non
540 2681 665 2772 potuit,
698 2705 773 2749 nam
803 2680 890 2748 baud
919 2682 963 2748 ita
989 2682 1085 2771 longe
1109 2680 1259 2771 patebat,

191 2796 256 2861 duo
292 2795 391 2861 colles
421 2806 620 2861 aooesserunt
651 2794 799 2884 quidem,
832 2795 885 2861 sed
914 2818 980 2860 non
1011 2806 1059 2860 tot
1091 2792 1258 2860 bominum

189 2909 279 2974 loo'ns
298 2920 374 2974 erat.
422 2908 468 2974 llr
489 2907 600 2974 eadem
619 2909 741 2974 ratione
762 2931 863 2999 quum
884 2932 968 2975 anno
990 2912 1056 2974 280
1074 2930 1168 2973 censa
1185 2918 1259 2972 sunt

193 3024 346 3100 130,000,
363 3044 437 3111 ager
452 3021 615 3086 Romanus
626 3025 770 3101 520,000
782 3020 927 3087 homines
943 3022 1138 3102 contineret,
1157 3043 1258 3112 quum

189 3135 346 3225 patebata
360 3132 574 3201 Crustumeria
590 3132 628 3198 ad
644 3131 775 3200 Ostiam.
810 3133 917 3199 Altera
939 3156 1005 3198 non
1025 3134 1165 3201 Fabiana
1187 3135 1258 3224 opi—

189 3248 244 3313 nio
275 3270 347 3315 rora
375 3260 439 3326 est,
462 3247 549 3337 quod
575 3246 637 3312 boo
656 3258 842 3337 argumento
864 3246 993 3338 probari
1012 3258 1118 3338 potest
1138 3246 1257 3311 laoilli-

190 3384 257 3427 me:
292 3361 437 3426 norimus
473 3384 510 3426 er
542 3358 683 3425 eiusdem
715 3359 795 3449 regis
823 3359 972 3426 instituto
1004 3363 1067 3425 193
1098 3359 1257 3425 centurias

189 3473 302 3552 inisse,
346 3473 433 3563 quod
472 3494 573 3563 quarn
610 3483 734 3538 constet
775 3495 843 3537 rem
881 3471 1053 3538 militarem
1094 3483 1256 3562 spectare,

194 3590 479 3666 19,300-20,000
509 3586 626 3651 milites
651 3585 770 3650 fuerint
791 3605 919 3650 neeesse
939 3596 1002 3664 est;
1026 3607 1108 3675 quae
1132 3607 1256 3651 summa

190 3700 343 3791 ipsissima
375 3711 487 3789 quarta
514 3723 588 3789 pars
616 3710 663 3764 est
697 3698 834 3777 cisium,
867 3698 924 3788 qui
949 3699 1052 3787 primo
1080 3698 1137 3763 illo
1156 3700 1256 3765 lustro

190 3813 276 3878 censi
296 3824 389 3889 sunt,
412 3835 487 3902 ergo
509 3812 626 3878 Fabius
650 3812 756 3901 lapsus
775 3823 832 3875 est.
875 3808 993 3876 Omnes
1013 3810 1151 3901 denique
1168 3813 1252 3877 eires

192 3949 209 3990 a
229 3925 413 3993 censoribus
441 3937 622 3991 numeratos
641 3946 707 3989 esse
726 3946 763 3989 ex
783 3946 822 3988 eo
848 3945 978 4013 quoqne
999 3936 1144 4014 apparet,
1165 3925 1253 4014 quod

190 4039 329 4104 traditur
360 4037 452 4128 vulgo
482 4037 568 4104 buno
596 4037 765 4104 velillum
787 4059 954 4103 numerum
977 4038 1073 4105 fnisse
1102 4051 1257 4129 »praeter

192 4153 284 4218 orbos
315 4151 502 4242 orbasqne'‘,
530 4152 620 4242 atqui
640 4163 763 4216 ceterae
782 4151 949 4231 mulieres,
973 4151 1125 4231 infantes,
1149 4176 1254 4231 senes,

190 4277 251 4332 ret.
272 4264 311 4333 ad
333 4287 433 4330 unum
453 4287 562 4330 ornnes
581 4264 848 4341 numerabantur.

222 4506 241 4575 1)
258 4511 315 4561 mv.
332 4511 354 4561 1.
373 4513 415 4559 aa.
468 4506 488 4576 ²)
507 4511 556 4561 1v.
575 4516 617 4561 22.
669 4508 690 4579 ὅ)
707 4513 729 4561 1.
750 4514 772 4562 r.
825 4508 846 4579 ⁴)
865 4508 899 4560 n.
918 4506 948 4561 u.
967 4511 989 4561 1.
1007 4513 1065 4561 aas.
