3154 5294
331 478 390 538 lto
470 497 501 539 n.
514 497 616 542 sanius
627 498 652 542 c.
664 499 690 540 r.
703 498 732 540 u.
745 498 773 540 s.
787 495 901 539 Licinus
913 477 987 560 (32).
1009 478 1030 561 ᾗ
1043 483 1068 540 l.
1089 496 1198 540 consur.
1210 481 1278 542 508.

731 733 911 806 CAPUT
943 735 991 806 ΙΙ.

484 910 616 957 urceus
639 910 757 958 saurus
780 912 808 959 c.
832 911 860 958 r.
886 911 919 957 u.
944 912 973 959 n.
997 911 1127 959 moruus
1149 892 1230 983 (32).

685 1079 702 1160 §
730 1080 757 1139 1.
810 1073 935 1140 Consul
958 1080 1032 1145 508.

540 1258 579 1306 M.
598 1257 726 1305 FABIUS
742 1258 769 1305 o.
789 1259 818 1305 F.
838 1257 876 1306 M.
894 1257 929 1305 N.
949 1257 1093 1306 tlemus
1107 1255 1124 1305 ¹.

539 1346 576 1393 Μ’
597 1343 782 1391 OTAcchus
799 1342 826 1391 0.
845 1343 874 1390 F.
894 1343 931 1389 Μ’
949 1343 984 1391 Ν.
1006 1343 1160 1391 oaASSuS
1175 1343 1211 1391 11.

367 1473 412 1538 llr
441 1469 540 1537 Fastis
570 1483 699 1562 apparet
726 1469 802 1535 huic
827 1482 950 1560 patrem
972 1469 1083 1537 Gaium
1107 1470 1219 1549 luisse,
1245 1474 1392 1539 consula·

321 1607 388 1650 rem
417 1585 530 1676 opinor
561 1585 635 1650 anni
668 1587 750 1663 4813
788 1584 897 1649 nullus
928 1582 1022 1649 Gaius
1050 1597 1176 1676 praeter
1205 1584 1297 1651 illum
1326 1587 1390 1652 illis

320 1699 396 1763 risit
421 1698 631 1789 temporibus,
651 1720 725 1761 nam
744 1697 818 1761 anni
838 1696 981 1775 obstant,
1001 1698 1171 1786 quominus
1188 1698 1273 1764 iilius
1293 1700 1390 1765 fuerit

321 1809 355 1876 (l.
377 1810 523 1877 Ambusti
541 1810 582 1876 M.
595 1810 618 1876 f.
629 1811 771 1899 magistri
792 1814 856 1875 439
880 1811 966 1899 (19),
991 1822 1027 1874 nt
1047 1825 1222 1901 posuerunt
1241 1813 1388 1902 quidam;

319 1945 416 2012 quem
436 1946 530 1988 avum
556 1923 641 1987 Fasti
669 1923 698 1988 ci
719 1921 866 1987 tribuunt
885 1922 1048 2000 Marcum,
1073 1925 1114 1988 M.
1136 1924 1284 1990 Dorsonis
1316 1926 1386 2013 (16)

318 2037 460 2126 suspicor
478 2036 582 2101 filium
609 2035 724 2114 luisse,
748 2034 835 2125 quod
855 2047 961 2101 tamen
985 2036 1088 2101 evinci
1107 2039 1231 2127 nequit.

364 2148 558 2213 Versabatur
596 2149 778 2238 respublica
816 2147 864 2213 his
901 2149 1085 2214 consulibus
1122 2151 1154 2216 in
1182 2149 1289 2216 medio
1319 2151 1386 2217 fere

315 2261 404 2327 bello
433 2261 556 2326 Punico
576 2263 606 2339 I,
630 2261 670 2327 da
697 2285 761 2350 quo
783 2259 835 2325 hic
859 2262 905 2326 nil
925 2262 1079 2342 referam,
1103 2265 1209 2353 potins
1229 2265 1284 2329 illa
1308 2265 1384 2330 sub·

313 2375 480 2438 iuncturus
509 2375 590 2439 vitae
615 2372 788 2437 Fabiorum
810 2373 993 2438 Buteonum
1015 2383 1048 2451 ²,
1073 2375 1128 2463 qui
1151 2397 1236 2440 anno
1254 2389 1327 2443 ante
1352 2390 1384 2442 et

313 2486 457 2578 proximo
479 2498 551 2577 post
570 2485 715 2551 consules
735 2485 874 2551 fuerunt.
908 2485 999 2550 Licet
1018 2498 1124 2551 tamen
1147 2489 1306 2555 coniicere
1325 2489 1383 2556 hos

314 2621 444 2689 quoquc
465 2598 631 2676 consules,
655 2596 779 2662 etiamsi
797 2596 912 2662 desunt
934 2607 1043 2675 testes,
1067 2596 1189 2664 bellum
1210 2603 1384 2692 suscepisse

312 2724 344 2776 et
370 2711 516 2801 gessisse,
543 2735 614 2776 nam
642 2711 779 2775 dictator
799 2711 1003 2776 comitiorum
1025 2732 1117 2777 cansa
1142 2712 1245 2778 dictus
1264 2729 1312 2781 est
1332 2739 1381 2781 se·

312 2825 455 2889 cundum
479 2824 597 2909 Festos.

356 2935 425 3002 Nec
445 2959 519 3002 vero
539 2937 676 3002 multum
698 2938 824 3003 afficere
842 2950 1017 3027 potuerunt
1031 2939 1193 3017 consules,
1211 2942 1268 3029 qui
1284 2954 1380 3030 qnot-

310 3047 401 3112 annis
428 3045 642 3126 decedebant,
672 3047 729 3112 ubi
758 3048 808 3114 sir
839 3048 1024 3114 didicissent
1046 3073 1110 3140 quo
1132 3051 1229 3116 modo
1256 3052 1379 3145 bellum

309 3159 484 3252 gerendum
511 3172 607 3238 esset,
632 3162 674 3225 ita
708 3172 743 3225 nt
774 3162 941 3227 exercendi
970 3184 1061 3228 cansa
1083 3165 1181 3254 magis
1200 3187 1296 3254 quam
1316 3190 1377 3258 pu·

308 3273 427 3365 gnandi
456 3296 508 3338 eos
539 3274 649 3338 missos
680 3296 746 3339 esse
779 3275 893 3339 scribat
920 3275 979 3340 llio
1007 3274 1130 3342 Cassius
1153 3287 1181 3356 ⁸,
1213 3281 1269 3368 qui
1291 3278 1377 3347 haud

305 3389 421 3455 iniuria
456 3388 665 3453 mutationem
698 3387 939 3476 magistratuum
970 3412 1008 3453 eo
1043 3391 1188 3473 nominc„
1207 3391 1377 3482 improbat.

306 3503 442 3568 Zonaras
472 3500 584 3566 saltem
617 3499 712 3566 breve
743 3498 782 3564 de
817 3498 866 3565 his
897 3501 986 3566 annis
1018 3502 1203 3592 defungitur
1235 3506 1376 3573 scribens

304 3617 387 3682 οὐδὲν
415 3614 553 3696 ἱστορίας
578 3612 663 3691 ἄξιον
685 3636 738 3679 eos
759 3613 869 3678 fecisse
891 3615 1051 3693 consules,
1076 3616 1162 3705 quod
1189 3631 1243 3682 aut
1269 3621 1375 3710 epito-

304 3729 432 3794 matoris
462 3726 675 3817 negligentiae
703 3726 925 3806 tribuendum,
959 3751 1056 3818 quem
1083 3729 1230 3795 taedebat
1252 3754 1375 3823 pugnas

302 3866 338 3907 ex
368 3841 497 3933 procliis
527 3851 608 3905 satas
638 3841 702 3905 late
731 3840 926 3920 describere,
951 3855 1005 3907 aut
1025 3843 1100 3932 ipsis
1125 3842 1291 3924 Romanis,
1318 3848 1374 3936 qui

302 3957 439 4023 minores
457 3955 604 4020 omittere
624 3953 729 4018 clades
749 3954 912 4022 malebant
928 3955 989 4020 iam
1011 3956 1142 4021 caeteris
1167 3959 1321 4025 contenti.

347 4068 468 4135 Locum
499 4093 516 4133 a
547 4067 689 4135 Gellio⁴
723 4079 880 4134 serratum
910 4091 947 4133 er
976 4067 1142 4158 Capitonis
1169 4071 1252 4136 Ateii
1281 4094 1370 4139 corn·

328 4372 348 4439 ¹)
374 4372 443 4423 Fast.
470 4372 532 4436 Cap.
558 4373 585 4422 h.
611 4387 649 4431 o.;
676 4370 744 4421 Gall.
770 4370 805 4420 X.
834 4375 864 4430 ὃς
890 4370 1015 4433 Cassiod.;
1043 4375 1096 4424 An.
1124 4375 1200 4433 Nor.;
1227 4376 1296 4427 Fast.
1320 4378 1369 4429 Sic.

293 4457 313 4519 ²)
337 4458 376 4510 Cf.
401 4459 459 4508 Lib.
483 4458 533 4509 VI.
558 4457 724 4521 Cap.11§3
744 4464 768 4507 et
787 4456 847 4519 Cap.
867 4468 897 4507 111
917 4458 930 4520 ξ
953 4463 973 4506 1.
1079 4455 1105 4527 ,5)
1123 4459 1213 4511 Zonar.
1232 4463 1309 4515 VIII.
1331 4465 1368 4511 16.

291 4543 312 4614 ⁴)
330 4544 365 4595 X.
384 4548 407 4595 6.
