3210 5300
592 429 613 510 5
634 429 663 490 8.
683 446 826 491 naorasaa
847 430 918 492 537.
1232 429 1292 493 als

228 642 414 714 oppugnare
436 644 501 688 non
521 632 688 713 poterant,
712 645 776 689 non
796 634 922 713 praesto
942 633 1032 688 erant
1052 633 1210 689 tormenta
1228 645 1290 690 nee

230 734 416 815 machinae,
447 747 480 801 et
509 735 553 805 sic
580 735 742 803 Hannibal
761 747 889 803 coaetus
912 746 959 801 est
978 735 1145 802 consilium
1166 748 1290 804 mutare

229 860 263 915 et
291 849 324 914 in
351 870 461 938 agrum
494 848 647 917 Picenum
675 861 816 917 auertere
842 849 903 915 iter
928 860 1059 940 propter
1091 859 1223 938 pontem
1256 850 1291 915 ira

229 960 307 1027 Nari
326 962 460 1029 flumine
477 959 651 1042 deiectum,
671 962 814 1052 aliosque
829 961 980 1029 abscissos
999 985 1099 1052 quum
1111 961 1291 1029 audivisset.

221 1074 322 1141 ¹Tunc
352 1075 488 1141 Romam
517 1086 626 1166 petere
655 1099 674 1142 a
695 1088 785 1167 parte
806 1075 1007 1142 meridionali
1027 1075 1142 1142 frustra
1160 1086 1291 1143 conatus

230 1199 297 1268 est,
330 1189 420 1278 atqui
440 1187 527 1255 stetit
547 1189 651 1257 Roma
668 1189 754 1268 θεοῦ,
778 1188 840 1255 nisi
859 1186 1027 1280 Spalatum
1050 1188 1165 1268 maris,
1186 1210 1292 1271 aare·

228 1297 386 1378 yuyc'sros
415 1299 468 1364 τὸν
497 1297 644 1378 Ἀννιβάν
669 1311 692 1364 ¹.

274 1409 399 1477 Interea
416 1410 537 1477 Romae
553 1432 709 1479 summam
733 1410 830 1477 fuisse
854 1409 1099 1502 trepidationem
1115 1423 1212 1502 atque
1228 1424 1295 1478 ter·

228 1546 349 1602 rorem,
371 1545 438 1588 non
457 1523 606 1614 estquod
626 1523 745 1591 dicam:
766 1525 894 1591 alterius
909 1525 1050 1591 consulis
1069 1525 1224 1593 exercitus
1244 1526 1295 1592 in·

229 1636 373 1715 terierat,
396 1636 526 1703 alterius
554 1661 626 1728 pars
648 1638 681 1704 in
713 1638 847 1705 Umbria
874 1637 1012 1729 degebat
1030 1638 1071 1707 ab
1091 1638 1179 1704 Urbe
1197 1638 1296 1707 inter-

229 1749 336 1827 clusa,
358 1748 436 1814 dum
455 1761 578 1839 partem
597 1748 764 1817 Maharbal
783 1763 931 1818 caeserat.
979 1749 1047 1817 Nee
1066 1751 1161 1817 multi
1178 1752 1296 1819 milites

229 1861 265 1927 in
285 1862 373 1929 Urbe
392 1874 497 1942 erant,
516 1863 634 1953 quibus
651 1887 737 1930 arma
757 1862 966 1943 deficiebant,
984 1865 1028 1929 ita
1047 1875 1083 1930 ut
1098 1863 1198 1954 spolia
1214 1876 1297 1931 tans·

229 1973 291 2064 plis
320 1973 517 2065 aedibusque
545 1974 751 2055 detraxerint,
774 1977 890 2067 quibus
910 1999 942 2043 se
964 1990 1133 2044 armarent.
1179 1976 1296 2045 Nullus

229 2100 337 2154 autem
356 2087 464 2153 aderat
483 2088 698 2177 magistratus,
723 2089 779 2178 qui
805 2088 939 2155 solemni
960 2111 1047 2155 more
1077 2089 1198 2154 diceret
1227 2088 1296 2155 die·

230 2211 382 2279 tatorem,
396 2200 518 2289 placuit
534 2224 608 2291 ergo
623 2214 659 2269 ut
673 2202 878 2293 populuspro
889 2201 1043 2269 dictatore
1054 2213 1175 2267 crearet
1188 2201 1223 2285 Q.
1235 2201 1298 2266 Fa·

228 2311 321 2378 bium
341 2326 499 2394 nostrum,
531 2336 604 2381 cum
625 2316 777 2405 magistro
796 2315 942 2404 equitum
968 2313 1012 2381 Μ.
1032 2314 1176 2380 Minucio
1201 2314 1298 2382 Rufo.

230 2424 414 2492 Secundum
427 2425 567 2493 Silium²
589 2426 707 2493 Fabius
726 2425 876 2493 eduxerat
894 2447 1030 2493 »secum
1040 2426 1074 2490 in
1093 2425 1215 2515 proelia
1235 2449 1298 2517 pu·

230 2539 340 2619 bem,’'
359 2539 414 2605 sed
434 2538 520 2605 haud
540 2539 606 2605 scio
625 2563 665 2605 an
686 2539 783 2629 legati
801 2539 852 2606 vel
873 2537 1064 2628 nescioquo
1082 2537 1178 2603 titulo
1198 2539 1298 2629 copiis

230 2651 419 2742 praefuerit3
439 2652 580 2743 suspicor
597 2675 670 2719 eum
688 2653 851 2719 miscuisse
866 2674 940 2718 cum
958 2651 1116 2730 Minucio,
1135 2650 1192 2741 qui
1210 2651 1298 2741 lega·

230 2777 283 2830 tus
301 2764 451 2833 Flaminii
478 2766 598 2833 aberat.
643 2765 788 2833 Lirius³
817 2766 910 2831 nobis
936 2766 1029 2831 unice
1051 2786 1157 2831 reram
1179 2764 1297 2830 famam

228 2879 363 2945 servarit
380 2876 421 2944 de
441 2901 500 2968 pro
520 2877 677 2947 dictatura
696 2880 770 2958 ista,
790 2877 869 2945 dum
887 2879 985 2944 ceteri
1005 2877 1045 2943 ad
1065 2900 1166 2945 unum
1189 2900 1297 2943 omnes

231 2990 368 3058 Fabium
386 2991 515 3057 tradunt
533 2992 719 3059 dictatorern
740 2991 889 3058 adversus
907 2991 1120 3061 Hannibalem
1141 3013 1208 3057 rem
1229 3013 1299 3081 gea·

232 3105 322 3183 aisse;
346 3127 456 3170 verum
483 3104 596 3184 facile,
626 3105 733 3196 inquit
762 3104 870 3170 Livius
901 3111 931 3184 ⁴,
964 3104 1173 3170 obtinuerunt
1202 3127 1251 3169 res
1281 3127 1300 3167 a

230 3216 332 3283 Fabio
350 3230 473 3307 gestae,
496 3230 532 3284 ut
551 3219 585 3283 in
602 3219 697 3285 titulo
718 3218 855 3284 dictator
876 3217 1050 3296 diceretur,
1076 3216 1132 3305 qui
1150 3237 1209 3304 pro
1228 3215 1298 3281 die·

231 3341 334 3396 tatore
360 3332 475 3399 fuerat.
522 3332 650 3398 Frustra
684 3332 752 3398 lere
780 3331 911 3398 dixerim
943 3326 1003 3393 hoc
1032 3351 1069 3393 ex
1101 3328 1298 3418 antiquitatis

231 3444 357 3511 ratione
388 3445 557 3536 explicuit,
591 3468 663 3512 nam
699 3444 738 3512 ad
770 3467 869 3511 unum
900 3463 1007 3508 omnes
1038 3441 1148 3507 eadem
1180 3440 1299 3506 chorda

230 3556 379 3623 aberrant
394 3558 445 3624 vel
460 3558 628 3624 Fastorum
646 3558 810 3624 auctores?
836 3554 1025 3624 Tenendum
1043 3565 1090 3619 est
1111 3565 1217 3621 tamen
1236 3556 1298 3623 Po·

229 3668 382 3756 lybium⁵
398 3670 439 3736 de
450 3670 512 3738 hoe
521 3670 650 3738 honoris
661 3671 841 3739 discrimine
853 3671 899 3736 nil
909 3679 1088 3745 annotasse,
1107 3665 1192 3732 unde
1205 3667 1298 3757 equi-

233 3779 309 3847 dem
329 3782 513 3852 dedurerim
530 3786 656 3879 Livium
674 3798 759 3852 recte
776 3785 905 3876 quidem
926 3780 1010 3849 illud
1030 3780 1223 3860 observasse,
1242 3780 1299 3870 qui

232 3893 433 3983 antiquitatis
455 3898 611 3966 rationem
632 3900 777 3990 urgebat,
810 3911 928 3964 utnon
948 3895 1059 3963 consul
1079 3893 1134 3961 sed
1160 3894 1297 3986 populus

235 4028 308 4072 eum
327 4006 456 4090 dixerit,
474 4023 614 4078 attamen
633 4034 675 4078 an
694 4034 728 4078 re
745 4035 817 4078 sera
834 4035 892 4100 pro
911 4011 1066 4076 dictatore
1085 4008 1196 4087 luerit,
1213 4007 1299 4076 haud

232 4118 472 4200 affirmaverim
496 4121 655 4212 quidquid
675 4135 738 4203 est,
758 4122 884 4189 Livium
902 4122 1002 4189 secuti
1017 4121 1206 4188 dictatorem
1225 4143 1297 4187 eum

235 4232 430 4324 compellare
452 4256 629 4324 pergamus.

233 4398 371 4519 ⁵¹tApp·
389 4399 458 4452 Han·
479 4406 519 4451 12·
574 4398 598 4468 ²)
616 4403 664 4456 va
682 4407 828 4455 esc-ess.
885 4398 905 4468 5)
924 4401 1015 4456 xxm.
1034 4408 1059 4456 s.
1115 4401 1244 4470 uxxxa
1262 4405 1305 4453 ar.

244 4486 321 4553 tm.
339 4491 371 4538 sr
391 4489 407 4550 s
426 4491 503 4539 o-s.
