3212 5294
567 441 589 524 ς
610 440 638 503 4.
659 460 769 503 consur
791 444 817 504 Ι.
838 442 907 505 432.

250 640 380 731 Suprat
414 639 477 703 iam
506 636 592 704 hunc
621 659 741 703 annunt
770 639 879 729 attigi,
908 660 995 703 nanc
1022 637 1164 705 Cornelii
1186 637 1274 706 Cossi

202 753 365 819 dictatoris
380 751 509 817 laudem
526 749 712 818 consulibus
728 751 917 817 vindicatam
930 754 1093 829 enarrabo.
1120 753 1270 820 Bellum2
1341 838 1345 845 ἡ

201 867 234 932 in
255 865 385 932 Samnio
405 878 436 932 et
458 865 490 930 in
513 864 628 956 Apulia
648 877 715 930 erat
736 865 927 954 gerendum3
957 863 1114 932 Samnites
1134 869 1273 958 aggressi

203 992 276 1045 sunt
298 979 477 1046 Romanurn
496 979 685 1058 exercitum,
709 979 765 1069 qui
785 990 872 1043 atrox
890 991 922 1043 et
941 1001 1090 1068 magnum
1111 981 1272 1070 proelium

200 1105 363 1183 gesserunt
392 1116 450 1183 per
477 1092 621 1183 quinque
645 1091 754 1172 horas,
785 1114 849 1182 qao
870 1091 1002 1182 ancipiti
1026 1093 1126 1159 Marte
1146 1117 1272 1184 pugna·

203 1217 271 1272 tum
293 1218 356 1285 est3
390 1205 546 1271 Samnites
567 1205 601 1270 in
621 1216 721 1270 castra
743 1204 886 1270 Romana
908 1228 940 1270 se
965 1208 1208 1296 preripuerant,
1238 1208 1272 1272 in

202 1341 282 1410 quos
310 1318 496 1409 diripientes
524 1317 744 1383 Romanorum
773 1317 917 1406 equiturn
948 1318 1031 1384 acies
1058 1319 1182 1384 inrecta
1207 1331 1272 1398 est,

204 1454 287 1522 quae
307 1434 413 1498 omnia
432 1431 530 1497 caede
549 1431 698 1522 replerit;
722 1452 782 1496 neo
802 1430 936 1496 meliore
960 1431 1088 1497 fortuna
1108 1432 1149 1496 ab
1171 1432 1272 1497 altera

200 1557 290 1636 parte
307 1557 509 1635 pugnarunt,
527 1544 570 1609 ita
588 1556 624 1609 ut
641 1542 681 1608 ad
699 1542 839 1608 indutias
854 1555 1043 1633 perventum
1063 1556 1129 1624 est,
1147 1544 1180 1611 in
1192 1568 1275 1635 qua·

201 1681 272 1724 rum
294 1658 391 1724 fidem
411 1657 527 1723 ducem
549 1656 716 1723 Brutulum
742 1658 875 1747 Papium
894 1658 1099 1748 postulavere
1120 1658 1276 1739 Romani,

202 1771 293 1838 cuius
321 1793 404 1848 ossa,
437 1792 537 1860 quum
562 1769 740 1836 voluntaria
760 1781 862 1835 morte
882 1793 913 1835 se
935 1771 1129 1860 ignominiae
1148 1771 1275 1837 subtra-

202 1885 311 1964 xisset,
333 1883 495 1949 Romanos
516 1883 675 1950 disiecissc
697 1882 793 1949 tradit
814 1883 950 1949 Zonaras
971 1893 994 1951 ³.

247 1994 432 2062 Secundum
464 1995 559 2061 aliam
588 1996 723 2074 lamam,
747 2018 844 2088 quam
864 1998 986 2086 respuit
1004 1998 1128 2078 Livius,
1157 1999 1275 2068 Fabius

203 2111 237 2177 in
250 2107 400 2200 Apuliam
410 2109 577 2199 processit,
591 2122 687 2200 atque
705 2109 780 2175 inde
796 2110 1066 2201 magnaspraedas
1077 2113 1152 2202 egit.
1185 2113 1276 2178 Hanc

204 2224 321 2288 lamam
352 2222 517 2287 Pastorum
549 2234 694 2288 auctores
719 2235 916 2313 sequuntur,
939 2225 996 2313 qui
1017 2223 1074 2289 hos
1095 2225 1275 2317 triumphos

204 2336 441 2426 insculpserunt
465 2346 497 2401 t:

198 2496 229 2544 Ia.
249 2494 396 2543 FULVIUS
411 2494 440 2542 L.
459 2493 489 2541 I'.
507 2494 536 2541 L.
555 2495 589 2545 N.
610 2494 742 2543 CURVUS
758 2495 828 2545 008.
1035 2495 1121 2569 ANN.
1143 2496 1282 2547 ODXXXI.

252 2581 304 2628 DE
322 2578 543 2627 SAMNITIBUS
1009 2581 1057 2628 III
1070 2581 1155 2629 NON.
1174 2581 1282 2630 MAltt'.

198 2665 231 2724 Q.
252 2664 376 2712 FABIUS
395 2663 430 2711 Μ.
440 2662 467 2711 F.
477 2663 511 2712 N.
520 2663 554 2710 Ν.
564 2663 733 2711 MAXIMUS
744 2662 935 2711 autumnus
956 2663 1026 2714 COS.
1044 2664 1130 2714 ANN.
1143 2666 1283 2716 CDXXXI.

252 2750 304 2797 DII
322 2744 545 2796 SAMNITIBIIS
561 2747 612 2794 ET
626 2748 781 2796 APULEIS
1006 2748 1065 2797 XII
1078 2750 1155 2797 KAL.
1174 2751 1282 2800 MART.

251 2898 398 2964 Aurelius
415 2898 549 2962 Victor⁵
568 2897 692 2988 scripsit
706 2897 841 2963 Fabium
857 2897 961 2988 primo
977 2900 1145 2966 consulatu
1163 2900 1278 2967 triurn-

200 3012 316 3106 plrasse
337 3011 376 3077 de
398 3010 511 3102 Apulis
530 3022 562 3076 et
581 3009 767 3088 Nucerinis,
787 3010 842 3077 alii
861 3022 947 3077 recte
965 3011 1151 3101 praeferunt
1169 3013 1278 3080 buce·

201 3126 295 3204 rinis3
319 3124 373 3191 sed
393 3123 455 3189 hoc
480 3147 544 3189 non
563 3123 740 3214 urgendum
761 3122 901 3201 ridetur,
927 3147 1000 3189 narn
1019 3123 1104 3189 fama
1123 3124 1163 3191 de
1189 3126 1278 3218 Apo·

200 3239 246 3304 lia
279 3249 423 3329 suspecta
450 3248 496 3302 est
523 3260 658 3327 eamque
682 3237 804 3326 respuit
827 3235 946 3301 Livius.
995 3234 1126 3303 Constat
1144 3238 1276 3327 quidem

201 3353 373 3418 Luceriam
404 3374 488 3416 anno
517 3353 581 3416 438
609 3349 780 3428 deiecisse,
809 3348 863 3414 sed
889 3348 998 3414 Livius
1019 3348 1129 3414 urbem
1150 3349 1277 3418 illama

201 3465 308 3532 Fabio
328 3464 456 3530 tertium
472 3464 601 3529 consule
613 3475 739 3554 captam
760 3485 826 3529 esse
842 3462 961 3528 scribit.
993 3460 1048 3526 Illi
1060 3463 1196 3553 tempori
1209 3487 1277 3529 rne-

201 3579 268 3644 lius
286 3576 365 3642 mihi
379 3576 503 3642 ridetur
521 3578 691 3643 convenire
710 3587 801 3667 capta
813 3575 966 3655 Luceria,
987 3598 1051 3641 non
1072 3575 1159 3640 enirn
1179 3576 1276 3644 credo

199 3693 366 3758 Romanos
396 3702 482 3755 trans
515 3688 680 3755 Samnium
711 3691 774 3755 iarn
805 3700 882 3754 tunc
911 3711 1041 3779 pergere
1073 3712 1164 3754 ausos
1193 3712 1277 3769 esse,

198 3826 308 3895 quum
335 3802 441 3868 adhuc
463 3802 496 3866 in
518 3800 691 3894 Campania
719 3824 767 3866 res
787 3812 877 3867 esset.
922 3800 1152 3868 Niebuhrius⁰
1182 3804 1276 3868 traxit

197 3919 269 3986 huc
300 3918 409 3984 locum
440 3904 579 4007 Appiani
600 3928 633 3995 ⁷,
671 3913 845 3980 secundum
876 3936 972 4005 quern
1007 3914 1163 3996 Romani,
1198 3915 1276 3982 dum

197 4032 363 4099 Samnites
384 4029 607 4120 Fregellanum
626 4051 737 4119 agrum
760 4027 984 4107 devastabant,
1008 4016 1095 4094 ¹riuos
1117 4034 1155 4097 ct
1184 4027 1277 4095 Sarn-

196 4146 322 4212 nitium
355 4156 387 4211 et
416 4143 612 4208 Dauniorum
646 4152 800 4232 ceperunt
833 4139 1008 4207 interfectis
1037 4143 1077 4206 21
1110 4140 1278 4209 hominum

192 4442 196 4448 >
231 4416 714 4483 ¹)cf.1.ib.11.cap.1x§2‚p.1oa.
767 4411 787 4475 ²)
805 4414 1073 4465 Linvlltaa-ao.
1127 4409 1147 4479 ³)
1167 4418 1273 4469 V11.26

185 4503 210 4572 ⁶)
233 4503 306 4554 aar.
325 4504 365 4555 tri.
383 4503 409 4552 a.
428 4517 450 4553 a.
505 4498 523 4568 ⁵)
546 4497 577 4549 V.
594 4497 617 4550 1.
637 4505 678 4550 as.
731 4496 752 4566 ⁶)
770 4496 804 4548 a.
817 4495 846 4550 c.
857 4498 907 4548 111.
919 4503 977 4548 osa.
1027 4497 1050 4565 7)
1070 4494 1188 4549 ,semaa

1126 4585 1164 4646 16
