3190 5304
336 450 396 514 378
573 467 600 518 o.
620 464 722 509 remos
743 464 770 514 a.
792 463 819 507 a.
841 465 870 516 a.
890 464 919 507 u.
940 462 1070 510 mxruus
1091 447 1166 530 (43).

385 640 547 733 Quidquid
574 651 637 720 est,
661 639 746 706 male
765 638 924 705 Dederich
947 652 957 690 ¹
979 652 1088 706 nostro
1107 639 1265 707 Labeonis
1283 664 1402 733 cogno-

338 783 412 826 men
436 754 565 832 tribuit,
589 753 640 818 eui
658 776 791 819 erroneo
811 752 1020 821 fundamento
1041 753 1102 818 alia
1123 757 1346 846 superstruxit,
1368 771 1403 825 et

337 876 383 939 sie
406 869 592 936 Illviratum
618 866 693 932 anni
720 871 783 934 571
805 879 838 932 et
858 878 1060 957 quaesturam
1081 867 1253 958 Hispaniae
1276 874 1340 937 568
1360 870 1401 936 ad

336 985 431 1051 illum
452 982 572 1049 retulit.
620 979 819 1071 Quocunque
838 993 928 1073 patre
947 981 1071 1070 gavisus
1093 981 1203 1062 fuerit,
1228 982 1401 1050 admodum

336 1096 506 1164 verisimile
531 1106 578 1161 est
600 1115 674 1160 eum
696 1094 862 1186 adoptasse
883 1094 919 1177 Q.
941 1093 1077 1165 Fabium
1097 1094 1272 1161 Maximum
1292 1096 1402 1162 Aemi·

335 1213 457 1278 lienum
486 1206 763 1297 Servilianumqne
792 1207 866 1296 (48,
901 1208 978 1294 49);
1008 1207 1085 1272 anui
1107 1229 1177 1273 rem
1205 1207 1403 1287 conficiunt,

336 1324 394 1416 qui
422 1321 521 1389 iidem
547 1318 766 1387 demonstrant
790 1320 868 1385 alios
887 1318 1066 1400 aberrasse,
1089 1320 1207 1410 quibus
1227 1321 1404 1388 Cunctator

335 1449 426 1530 pater
455 1433 621 1523 adoptivus
646 1453 758 1498 eorum
778 1432 874 1498 fuisse
894 1431 1079 1512 ridebatur,
1102 1455 1162 1499 nec
1181 1434 1314 1500 meliora
1333 1457 1403 1500 sus·

334 1551 456 1643 picatos
483 1569 550 1613 esse
580 1568 652 1624 eos,
681 1545 738 1636 qui
758 1544 795 1629 Q.
815 1544 952 1611 Fabium
972 1567 1125 1634 augurem
1147 1547 1220 1633 (42)
1240 1547 1301 1613 sibi
1321 1546 1402 1613 duos

332 1666 405 1731 illos
425 1661 590 1751 adoptasse
608 1658 789 1737 crederent,
812 1681 887 1724 nam
907 1672 1050 1725 mortuus
1074 1670 1121 1725 est
1141 1660 1198 1726 ille
1218 1683 1300 1726 anno
1320 1666 1402 1738 558,

335 1778 426 1868 atqui
445 1787 522 1840 tunc
543 1771 738 1837 Aemilianus
755 1770 869 1836 consul
887 1773 953 1837 009
972 1771 1024 1836 rix
1035 1782 1128 1837 natus
1143 1783 1230 1851 erat,
1248 1773 1283 1837 ni
1299 1771 1402 1839 fallor.

333 1890 481 1980 Denique
511 1887 544 1951 in
571 1896 702 1974 promtu
729 1893 776 1948 est
803 1883 902 1949 altera
932 1883 1027 1962 ratio,
1060 1907 1096 1950 ex
1125 1906 1189 1974 qua
1215 1882 1252 1967 Q
1283 1884 1401 1950 Fabius

335 2016 459 2081 noster,
485 1998 541 2090 qui
560 1997 599 2062 ad
626 2007 807 2086 praeturam
833 1995 946 2062 saltem
970 1998 1116 2086 pervenit
1136 2002 1314 2076 anu0573‚
1339 1998 1402 2064 Ae-

333 2112 416 2180 milii
435 2108 626 2197 Serriliique
650 2105 732 2172 filios
754 2105 931 2196 adoptarit,
954 2129 1057 2197 quum
1080 2120 1208 2175 mortuo
1229 2109 1327 2176 fratre
1344 2133 1402 2176 au-

333 2249 410 2318 gure
421 2221 570 2300 timebat,
589 2242 629 2285 ua
646 2219 906 2285 intermoreretur
923 2220 1119 2286 nobilissima
1136 2222 1240 2312 stirps.
1285 2220 1403 2289 Noster

331 2338 419 2405 enim
450 2347 485 2400 ut
513 2331 655 2423 adoptati
683 2330 732 2396 illi
761 2353 938 2421 cognomen
964 2332 1092 2399 Maximi
1118 2333 1265 2423 gerebat,
1290 2349 1401 2403 contra

334 2451 372 2536 Q.
397 2448 516 2516 Fabius
538 2446 662 2526 Labeo,
686 2465 785 2534 quem
808 2444 862 2510 alii
885 2444 969 2510 male
992 2445 1187 2535 praeferunt.

659 2629 677 2712 §
702 2628 733 2690 2.
778 2624 927 2690 Praetor
951 2629 1016 2692 573
1038 2637 1062 2692 ².

377 2787 468 2854 Fabii
499 2784 563 2850 dno
591 2794 753 2873 praetores
780 2782 911 2848 fuerunt
938 2778 999 2849 boo
1024 2807 1123 2862 anno,
1148 2768 1183 2867 Q,
1205 2783 1308 2851 Buteo
1330 2784 1400 2876 (44)

330 2901 390 2993 qni
420 2898 556 2964 Galliam
585 2896 714 2961 sortitus
734 2906 781 2960 est
803 2906 832 2973 ³,
862 2906 894 2961 et
915 2895 1069 2963 Maximus
1089 2908 1210 2977 noster,
1233 2900 1286 2964 oui
1306 2921 1400 2990 pere·

331 3014 421 3104 grino
439 3007 616 3076 iurisdictio
633 3007 771 3074 obvenit.
807 3005 958 3075 Versatur
976 3009 1030 3075 hio
1049 3033 1150 3076 annus
1167 3011 1200 3076 in
1218 3011 1305 3077 bello
1321 3034 1399 3079 con·

329 3141 378 3193 tra
405 3124 538 3213 Ligures
566 3143 657 3211 aegre
684 3119 872 3200 vincendos,
894 3122 939 3187 ita
967 3135 1002 3189 ut
1023 3123 1277 3192 extraordinariis
1298 3129 1398 3218 copiis

327 3262 410 3331 opus
430 3238 536 3315 fieret3
560 3235 604 3300 sio
624 3234 747 3301 senatui
769 3235 906 3326 placuit,
930 3247 966 3302 ut
994 3236 1110 3304 Fabius
1139 3251 1246 3306 noster
1277 3241 1397 3333 quippe

329 3354 387 3444 qui
420 3364 548 3444 praetor
577 3349 761 3440 peregrinus
788 3348 881 3413 sociis
910 3347 1018 3415 Latini
1055 3351 1192 3419 nominis
1226 3354 1397 3445 imperaret

330 3469 441 3533 15000
458 3462 603 3554 peditum
623 3474 655 3528 et
673 3463 739 3527 800
758 3461 890 3551 equites.
937 3460 1006 3528 Neo
1026 3475 1132 3530 tamen
1156 3466 1190 3532 iu
1210 3468 1304 3533 armis
1322 3467 1396 3535 fue-

327 3591 404 3646 runt
421 3578 485 3656 illi,
504 3600 579 3642 nam
593 3597 667 3640 mox
685 3574 846 3641 delectum
864 3574 985 3641 remisit
1004 3590 1132 3666 praetor
1151 3577 1235 3645 iussu
1253 3593 1397 3662 senatus,

325 3716 428 3784 quum
445 3691 483 3758 L.
495 3688 729 3756 Aemiliusrem
744 3687 859 3754 melius
875 3688 1005 3779 gessisse
1023 3693 1239 3774 nuntiaretur,
1256 3707 1288 3761 et
1299 3718 1395 3764 omne

325 3829 443 3875 nomen
463 3804 616 3895 Ligurum
638 3801 857 3892 Ingaunorum
874 3802 908 3867 in
931 3801 1086 3870 ditionem
1110 3806 1246 3873 venisset
1266 3815 1290 3874 ⁴.

371 3919 445 3986 Nou
472 3939 621 4007 maguam
651 3915 749 3982 iidem
777 3914 855 3980 huie
884 3916 973 4006 genti
1003 3931 1129 3984 senatus
1159 3918 1289 4000 habuit,
1318 3944 1393 3988 narn

324 4056 426 4125 quum
450 4031 549 4123 legati
570 4042 758 4121 perpetuam
783 4051 894 4119 pacem
913 4041 1039 4095 orantes
1058 4030 1194 4097 Romam
1216 4032 1391 4113 venissent,

324 4158 452 4238 praetor
469 4155 577 4211 noster
592 4144 630 4210 iis
645 4165 703 4233 pro
721 4153 833 4208 senatu
849 4141 1012 4232 respoudit
1032 4156 1061 4223 ⁵,
1076 4166 1141 4209 uon
1157 4167 1274 4211 noram
1290 4145 1392 4214 rideri

349 4416 370 4486 ¹)
388 4419 451 4483 Peg.
470 4422 513 4468 28.
584 4411 605 4481 ²)
623 4417 681 4468 Lin.
699 4414 759 4467 XL.
780 4421 826 4477 18,
850 4419 898 4478 26,
921 4421 966 4477 28,
984 4421 1027 4467 34.
1097 4412 1117 4482 ⁵)
1133 4415 1173 4468 01.
1191 4418 1249 4472 Lib.
1266 4419 1315 4472 VI·
1334 4418 1399 4485 Cup.

312 4504 472 4572 vn§2,p.
491 4506 550 4553 232.
601 4498 700 4569 ‘tura
718 4500 776 4555 XL.
796 4504 842 4565 26,
862 4505 904 4552 28.
956 4496 1051 4569 ⁵}Lis.
1070 4499 1128 4555 XL.
1147 4506 1190 4556 34.
