3210 5300
380 448 401 531 5
423 448 452 510 4.
472 467 528 510 nno
547 464 677 513 consuis
697 451 767 513 463.
788 449 809 532 §
831 454 860 514 5.
881 467 991 511 causon
1013 451 1082 516 474.
1209 452 1266 514 291

199 641 239 709 ad
255 644 443 710 Rullianum
459 658 540 711 esset
555 644 758 713 referendum
776 656 908 738 propter
918 644 1020 712 simile
1031 645 1122 712 Fabii
1134 644 1263 713 Maximi

202 755 366 821 cuiusdam
396 757 593 847 exemplum,
624 756 709 847 quod
730 756 769 822 ad
791 756 930 824 eundern
951 756 1086 823 Fabium
1107 759 1266 849 pertinere

201 868 268 959 ipse
288 869 394 948 addit,
419 869 473 935 sed
494 870 580 960 quod
601 870 641 936 de
663 869 857 937 cunctatore
884 871 1029 937 referunt
1047 871 1102 936 alii
1126 882 1150 938 ¹.
1201 872 1265 938 Va·

201 978 298 1045 lerius
322 992 427 1046 autern
449 980 514 1046 duo
532 980 676 1070 exempla
695 982 728 1046 iu
750 1003 847 1075 unum
870 982 1005 1048 Fabium
1026 983 1199 1050 contulisse
1218 985 1266 1050 si·

200 1091 295 1158 detur
318 1105 502 1185 propterea,
531 1093 618 1185 quod
641 1107 775 1185 uterque
795 1095 965 1186 quinquies
983 1096 1097 1162 oonsul
1117 1096 1212 1163 luerit
1231 1110 1265 1165 et

199 1205 356 1296 legatione
376 1207 505 1273 functus
524 1208 564 1272 sit
583 1208 616 1272 in
636 1230 670 1272 re
688 1206 849 1273 simillima
856 1230 865 1287 ;
889 1220 1021 1300 apparet
1041 1222 1148 1274 tamen
1172 1209 1266 1277 Vale·

199 1320 281 1386 riurn
307 1321 366 1386 sibi
391 1321 527 1386 soluisse
547 1320 750 1400 Bellienum,
774 1343 847 1386 nam
869 1320 922 1386 bio
942 1323 1005 1387 iam
1025 1322 1169 1413 quinque
1186 1344 1266 1389 oon·

200 1432 321 1499 solatus
340 1445 477 1523 gesserat
498 1455 598 1524 quum
616 1433 738 1522 legatus
758 1446 855 1515 esset,
871 1456 997 1501 necnon
1017 1447 1120 1501 aetate
1134 1454 1268 1525 prorec-

198 1557 248 1611 tus
280 1560 363 1628 erat,
395 1547 535 1638 denique
566 1568 640 1612 oum
670 1545 868 1613 Samnitibus
891 1569 1004 1639 panem
1033 1550 1266 1639 componebat,

198 1658 275 1725 dum
294 1672 445 1726 neutrum
469 1661 555 1726 eadit
575 1660 609 1724 in
634 1658 873 1727 Cunctatorem.

243 1773 304 1838 Vel
333 1772 479 1839 obstante
505 1773 667 1838 Postumio
694 1797 757 1840 non
780 1775 916 1840 Romam
936 1776 1044 1841 statim
1064 1776 1159 1842 rediit
1182 1776 1267 1843 Gur·

198 1906 265 1976 ges,
297 1885 353 1950 ubi
377 1908 435 1975 pro
466 1885 597 1951 consule
618 1908 763 1953 resersus
783 1899 848 1964 est,
872 1886 959 1979 quod
980 1889 1079 1954 miror
1099 1889 1266 1957 Fastorum

201 1998 337 2065 editores
361 1998 506 2065 nondum
532 1998 745 2088 supplevisse:

224 2134 251 2198 Q.
267 2134 366 2182 stultis
384 2134 410 2198 Q.
428 2135 453 2185 1².
471 2135 500 2185 ll.
519 2134 547 2184 11.
564 2135 721 2184 MAXIMUS
733 2134 844 2185 GURGES
862 2134 919 2183 1110
932 2134 990 2184 COS.
1057 2137 1115 2185 AN.
1128 2138 1270 2188 votnm.

488 2221 525 2267 ut
542 2219 716 2271 stuutttuut
1091 2223 1124 2273 K.
1137 2223 1237 2275 SEXT.

244 2330 315 2415 Quo
346 2330 378 2396 in
408 2331 572 2424 triumpho
602 2332 735 2399 difficile
763 2332 853 2398 dictu
879 2345 961 2412 erat,
984 2346 1092 2399 utrum
1114 2346 1206 2425 pater
1226 2358 1266 2402 an

198 2444 283 2510 lilius
312 2444 434 2509 eisitati
458 2445 558 2535 magis
583 2458 732 2536 aceeptus
752 2446 865 2525 fuerit,
889 2445 976 2512 bello
997 2445 1173 2512 Samnitico
1190 2461 1265 2538 post

199 2562 242 2622 49
262 2580 361 2623 anuos
382 2558 509 2624 tandem
529 2559 688 2626 oonfeoto.
738 2557 841 2625 Seuer
859 2558 1029 2625 Rullianus
1048 2560 1081 2625 in
1102 2560 1266 2653 triumpho

197 2693 283 2759 equo
308 2671 448 2736 insidens
474 2672 667 2763 sequebatur
693 2670 753 2737 filii
772 2670 998 2764 triumphantis
1018 2692 1163 2752 currum3
1187 2686 1266 2740 tuno

199 2805 328 2873 quoque
353 2784 382 2850 ei
409 2785 522 2850 tribuit
548 2785 683 2875 gloriam
702 2786 749 2850 rei
770 2806 866 2875 quam
886 2786 955 2877 ipse
975 2786 1266 2866 administraverat,

196 2908 233 2961 ut
262 2896 301 2961 ab
332 2896 390 2961 illo
415 2896 575 2963 rideretur
597 2909 737 2986 peraeta.
785 2896 935 2963 Pontium
957 2894 1150 2964 Samnitium
1170 2899 1267 2964 nobi-

195 3009 261 3074 lem
280 3009 394 3076 dueem
406 3022 574 3102 postquam
591 3010 772 3078 inseruisset
790 3009 831 3075 ad
851 3010 1029 3077 ornandum
1048 3010 1264 3102 triumphurn,

197 3145 287 3188 more
306 3125 451 3191 Romano
470 3126 642 3214 imperator
661 3125 763 3191 securi
783 3124 908 3216 percuti
927 3124 1026 3190 iussit.

535 3309 553 3393 §
578 3314 606 3373 5.
658 3303 784 3374 Censor
808 3309 873 3373 474
898 3316 921 3370 ².

199 3512 203 3523 .
224 3478 251 3540 Q.
269 3477 369 3525 sistus
388 3479 414 3542 Q.
433 3479 457 3528 F.
476 3479 506 3528 11.
525 3478 552 3530 N.
571 3478 704 3528 lilellllS
723 3479 843 3528 (tunultu.

222 3562 267 3611 cn.
285 3564 462 3613 DOMITIUS
478 3565 531 3615 ΟΝ.
547 3565 577 3614 F.
596 3564 651 3615 CN.
669 3565 704 3615 Ν.
723 3564 897 3614 CALVINUS
910 3563 1057 3613 MAxtttus

399 3646 596 3714 testulutum
613 3650 817 3700 urorArultA
832 3648 938 3698 ABIIT.
961 3681 966 3692 .
1077 3649 1106 3698 L.
1117 3649 1265 3701 RXXXH.

242 3797 349 3882 Quum
375 3799 497 3891 Gurges
521 3813 629 3868 noster
647 3822 665 3865 a
686 3799 789 3865 Plinio
808 3812 821 3851 ³
843 3800 945 3866 fertur
964 3813 1091 3867 senatus
1109 3802 1260 3894 princeps

194 3911 307 3992 luisse,
331 3914 493 3980 censorius
512 3914 583 3981 fuit.
630 3914 714 3980 ilino
733 3912 864 4003 Pighius
880 3914 911 3979 ei
924 3912 1011 3980 buno
1027 3913 1180 3981 honorem
1201 3917 1260 3981 tri·

194 4024 266 4091 buit
284 4024 360 4093 anni
376 4031 416 4093 47
422 4032 456 4108 4;
479 4039 511 4094 at
525 4050 652 4121 prorsus
667 4026 778 4094 eodem
798 4028 866 4093 iure
883 4048 1015 4095 oensura
1033 4032 1096 4097 465
1113 4030 1143 4096 ei
1159 4028 1258 4095 tribui

194 4151 314 4229 potest,
338 4139 428 4206 euius
448 4140 540 4207 lustri
562 4153 697 4233 uterque
715 4162 828 4207 oensor
846 4138 1019 4232 ignoratur.

222 4415 242 4482 ¹)
260 4419 318 4471 Lis.
333 4419 440 4473 XXIV.
449 4425 496 4482 ⁴⁴3
508 4419 575 4472 Geli.
584 4421 621 4472 11.
632 4427 646 4471 2
654 4444 661 4482 ;
670 4422 740 4473 Pint.
747 4421 810 4474 nat.
824 4425 871 4485 nt;
889 4421 920 4474 ui.
936 4419 997 4488 Cap.
1009 4422 1049 4490 vi
1059 4427 1090 4473 la
1099 4422 1176 4473 buius
1184 4420 1264 4474 Libri.

189 4498 210 4569 ²)
227 4502 296 4556 Fest.
308 4502 438 4570 Cepha.
491 4501 512 4573 ὅ)
530 4502 614 4557 EN.
631 4507 694 4558 vn.
713 4512 755 4557 41.

1078 4590 1142 4655 19*
