3154 5294
588 462 764 508 rasouanra
785 462 943 508 tunsurus.
1247 449 1302 511 171

240 642 438 710 delabamur.
462 640 581 707 Verum
602 639 689 705 aliud
709 639 786 730 quid
806 652 870 718 est,
894 662 959 730 quo
979 652 1084 706 motus
1106 662 1142 706 ea
1159 641 1302 732 prolerre

241 756 351 836 lubet3
375 756 431 846 qui
447 755 531 821 euim
550 765 624 820 aute
644 777 697 819 me
715 753 885 819 Fabiorum
907 754 1107 842 sospitatores
1125 753 1302 845 fragmenta

241 869 425 947 ediderunt,
457 867 513 933 illa
544 866 607 932 alio
637 866 736 933 modo
765 866 941 932 tribuerant
970 868 1146 934 Pictoribus
1178 866 1303 934 duobus

243 984 292 1050 rel
320 980 466 1072 pluribus
494 1001 620 1047 necnon
643 979 743 1046 Fabio
761 977 955 1060 serviliano,
979 983 1092 1071 quain
1112 1005 1145 1047 re
1165 993 1304 1072 quanto·

241 1119 317 1187 pere
344 1093 560 1163 aberraverint
587 1093 637 1158 illi
667 1114 753 1159 nunc
778 1116 843 1158 nou
864 1092 1056 1173 decantabo,
1081 1094 1220 1184 denique
1239 1093 1303 1160 alio

241 1208 337 1275 modo
366 1207 538 1273 Fabiorum
565 1206 652 1272 locos
676 1206 752 1271 olim
775 1205 1001 1296 descripseram
1022 1218 1054 1273 et
1074 1204 1306 1296 disposueram,

244 1321 399 1388 utstatim
419 1319 594 1411 apparebit.
640 1320 764 1387 Interea
782 1318 906 1409 publici
926 1320 1002 1385 iuris
1020 1318 1122 1385 factae
1142 1331 1216 1385 suut
1234 1318 1304 1385 eol-

244 1435 397 1505 lectiones
416 1433 527 1501 Rotbii
550 1445 559 1483 ¹
582 1444 615 1499 et
636 1431 787 1498 Harlessii
814 1446 838 1510 ²,
862 1454 943 1522 quae
963 1455 981 1498 a
1000 1454 1071 1499 mea
1091 1434 1125 1498 in
1143 1432 1304 1523 plerisque

242 1547 394 1615 differunt
412 1570 471 1615 neo
491 1545 572 1613 mihi
590 1545 738 1637 placent,
761 1543 1032 1635 quemadmodum
1053 1567 1158 1637 neque
1177 1545 1305 1615 Mulleri

242 1684 348 1752 neque
379 1660 505 1726 Kreusii
535 1682 630 1752 opera
659 1659 803 1725 sufficere
834 1657 995 1738 ridentum
1027 1682 1067 1725 au
1098 1660 1214 1727 melius
1246 1680 1305 1748 ego

242 1773 327 1842 idem
355 1772 437 1843 illud
465 1772 611 1853 fecerim,
631 1772 774 1840 iudicent
794 1773 962 1864 peritiores
982 1772 1304 1855 Φαβιοῖστορωφίλοι,

242 1899 278 1952 ut
295 1887 370 1952 illos
390 1886 542 1953 lllollerus
564 1895 576 1933 ³
597 1886 775 1976 appellitat.
816 1887 952 1953 dfferam
977 1885 1109 1953 Pictoris
1128 1885 1305 1975 fragmenta

244 2022 280 2065 ex
300 1999 412 2065 ordine
434 1998 680 2089 chronologico,
707 2022 781 2064 nam
802 2022 840 2064 ex
860 2000 906 2064 rei
928 1984 1039 2066 uatdra
1060 1998 1204 2089 sequitur
1224 2000 1307 2089 pris-·

244 2134 317 2183 cum
338 2110 421 2177 illud
443 2134 521 2202 opus
541 2135 605 2179 non
626 2111 659 2177 in
679 2111 778 2177 libros
799 2134 866 2178 esse
885 2111 1076 2179 dissecaturn
1099 2112 1140 2176 ab
1163 2123 1306 2191 auctore,

244 2226 300 2316 qui
329 2225 413 2291 euim
445 2225 585 2291 Annales
612 2224 722 2291 scribit
749 2225 841 2293 annis
871 2237 995 2293 tuntum
1025 2223 1160 2291 ducibus
1188 2226 1306 2304 utitur;

244 2339 276 2404 in
303 2337 495 2429 quibusdam
524 2338 707 2427 fragmentis
736 2351 888 2429 apparent
918 2338 1048 2430 quidem
1071 2338 1227 2407 librorum
1245 2361 1308 2404 nu·

245 2451 343 2531 meri,
369 2450 422 2519 sed
440 2449 519 2519 haee
540 2450 659 2534 Quinto
678 2464 788 2519 nostro
807 2451 1019 2519 abiudloanda
1038 2450 1196 2519 ridentur.

246 2677 299 2746 N0.
334 2677 360 2747 I.
407 2677 784 2768 llepertoreslitterarum
797 2676 939 2747 Cadmus
950 2677 1155 2745 exPhoeuice
1167 2675 1309 2743 inGrae-

336 2792 417 2857 ciam
428 2790 617 2857 etbuander
627 2791 667 2857 ad
681 2815 738 2857 nos
751 2793 982 2859 transtulerunt
992 2791 1308 2881 abedeiklmnopqrst

337 2905 457 2970 litteras
476 2926 610 2970 numero
631 2903 723 2982 XVI,
746 2917 856 2995 postea
875 2903 1027 2995 quasdam
1048 2930 1066 2971 a
1089 2904 1258 2972 Palamede
1278 2915 1311 2969 et

338 3017 414 3083 alias
439 3040 457 3083 a
484 3015 651 3083 Simonide
677 3016 816 3084 adiectas
839 3018 987 3108 implesse
1011 3040 1181 3085 numerum
1203 3015 1310 3083 XXIV

344 3131 501 3222 [sequitur
517 3131 606 3196 loeus
623 3131 754 3197 aliunde
772 3131 924 3220 intrusus]
934 3132 1137 3221 grammatici
1148 3142 1311 3222 praeterea

339 3243 517 3311 Demetrius
541 3243 726 3324 Phalereus,
751 3245 987 3323 Hermocraten,
1010 3267 1046 3309 ex
1067 3245 1182 3309 nostris
1202 3253 1310 3309 autern

340 3356 486 3436 Cincius,
510 3357 643 3436 Fabius,
663 3356 786 3425 Gellius
808 3357 1019 3436 tradiderunt,
1045 3380 1082 3422 er
1101 3356 1217 3447 quibus
1234 3353 1312 3420 Cin-

340 3472 407 3537 cius
432 3471 541 3561 paucis
567 3470 691 3560 inquit,
714 3471 935 3549 commutatis,
959 3481 995 3555 ut
1015 3468 1055 3536 ad
1076 3469 1218 3559 linguam
1237 3490 1311 3533 nos·

341 3594 421 3648 tram
448 3584 669 3673 pervenirent,
697 3606 748 3649 eas
777 3606 916 3674 namque
936 3581 1075 3650 Cadmus
1094 3605 1131 3649 ex
1150 3581 1312 3648 Phoenice

339 3694 373 3760 iu
394 3693 574 3775 Graeciam,
599 3693 684 3760 uude
703 3693 742 3759 ad
763 3718 819 3760 uos
838 3694 988 3761 Euander
1009 3694 1211 3760 transtulerat
1231 3704 1257 3761 ⁴.

295 3806 465 3873 Videamus
490 3807 630 3897 possitne
652 3805 693 3873 ad
716 3807 873 3873 Pictorem
893 3818 1038 3874 nostrum
1058 3807 1170 3873 referri
1189 3804 1243 3870 bio
1263 3807 1312 3873 lo·

249 3943 324 4000 cus,
358 3945 398 3987 an
425 3922 540 3989 melius
560 3920 713 3987 Krausius
731 3942 805 3987 euru
824 3920 972 3987 tribuerit
993 3920 1125 3988 »Fabio
1146 3919 1312 3986 Gramma-

281 4159 301 4226 ¹)
319 4159 495 4240 Historieorsm
511 4171 612 4213 osterum
628 4159 789 4213 Rornanorum
804 4161 933 4227 reliquiae,
950 4163 1070 4215 secedunt
1084 4160 1188 4214 Salustii
1202 4164 1320 4224 editioni,

245 4260 322 4310 quum
339 4247 415 4296 edidit
431 4246 552 4308 Gerlach,
573 4251 750 4298 1852-1853.
803 4245 823 4314 ²)
842 4250 879 4297 De
896 4246 981 4297 Fabiis
997 4255 1021 4296 et
1035 4243 1158 4309 Aestatis,
1175 4264 1253 4297 rerum
1269 4245 1319 4296 120-

246 4344 369 4379 mansrnm
381 4330 553 4398 scriptoribus,
571 4336 644 4382 1853.
697 4329 717 4398 ⁸)
734 4335 766 4383 In
776 4331 945 4398 Disputationes
953 4331 982 4382 de
992 4329 1022 4390 Q.
1032 4331 1109 4382 Fabio
1118 4331 1229 4395 Pictore,
1243 4349 1319 4398 quam

245 4412 293 4463 illo
308 4418 417 4478 praeside
433 4417 546 4469 defendit
561 4416 707 4480 Sey-Fried.
760 4414 781 4483 l)
798 4418 958 4478 Victorinus,
975 4413 1032 4471 Art.
1054 4413 1137 4471 Grani.
1155 4418 1177 4469 L
1194 4433 1219 4483 p.
1239 4421 1318 4477 2468,

245 4497 288 4547 ed
304 4500 409 4566 Patsoh,
427 4518 452 4568 p.
471 4507 503 4553 25
520 4504 548 4553 in
564 4500 642 4553 Gaisl.
660 4502 752 4567 script.
769 4504 825 4555 Lat.
844 4503 881 4555 rei
898 4509 971 4555 metr.
