3190 5304
317 382 377 444 386
459 398 487 450 o.
508 393 661 445 nantuac.
682 394 710 438 r.
732 394 760 443 1.
781 392 810 436 n.
830 391 962 435 11111111
982 392 1159 436 trutannus
1179 375 1254 458 (to).

323 577 467 644 ferocem
486 575 577 641 illam
597 584 738 664 gentem,
758 592 841 662 quae
859 593 917 662 per
933 570 1063 662 quaeris
1080 582 1223 664 tempora
1243 583 1307 638 tam
1327 572 1393 638 dit-

331 691 460 761 ficulter
483 688 587 778 subigi
610 684 724 778 potuit.
1160 670 1162 675 ⁸

376 803 516 870 Fuderat
544 798 706 866 Viriathus
732 820 817 864 auno
846 801 910 866 007
940 809 1119 888 praetorem
1151 797 1194 865 ll.
1225 798 1398 880 Vetilium,

335 940 428 1009 quem
458 916 559 1006 cepit;
591 913 659 979 cius
685 922 852 1003 quaestor,
876 912 932 1001 qui
953 909 1142 1001 Carpcssum
1165 934 1197 977 se
1218 926 1398 1005 receperat,

335 1030 504 1121 eruptione
534 1027 618 1092 facta
645 1025 757 1091 itidem
785 1025 886 1090 rictus
911 1036 974 1102 cst,
998 1024 1051 1089 cui
1069 1024 1155 1090 cladi
1171 1025 1221 1091 rir
1241 1026 1399 1116 superfuit

334 1144 486 1221 nuntius3
526 1153 603 1205 tunc
638 1138 760 1229 quierit
801 1137 874 1217 ille,
911 1134 1014 1202 donec
1050 1159 1135 1202 anno
1169 1141 1236 1207 608
1271 1150 1401 1228 praetor

338 1255 374 1324 0.
396 1255 542 1321 Plautius
562 1251 742 1331 advenerit,
766 1251 822 1341 qui
843 1272 915 1315 cum
935 1250 1024 1316 noris
1044 1250 1145 1340 copiis
1162 1250 1255 1316 istam
1275 1251 1400 1319 cladem

336 1369 464 1434 ulturus
483 1363 658 1431 Viriathum
675 1363 824 1454 persequi
840 1363 962 1454 coepit,
985 1364 1042 1453 qui
1059 1361 1275 1454 carpetanum
1291 1387 1402 1455 aprum

338 1482 486 1560 tenebat,
517 1478 569 1545 sed
599 1502 636 1544 11
657 1501 736 1543 rana
755 1477 837 1566 fuga.
850 1475 1010 1543 Viriathus
1029 1499 1171 1542 reversus
1190 1477 1403 1545 circumvenit

332 1598 428 1663 -4000
441 1592 548 1659 Plauti
566 1591 721 1668 militum,
740 1589 855 1655 deinde
867 1588 954 1679 Tago
974 1589 1104 1655 traiecto
1123 1590 1162 1655 ad
1178 1601 1322 1657 montem
1338 1592 1404 1657 Ve-

338 1709 423 1773 neris
443 1705 605 1784 consedit,
629 1702 686 1768 ubi
706 1702 850 1767 Plautius
867 1702 983 1767 iterum
999 1702 1102 1767 rictus
1117 1703 1150 1768 in
1167 1703 1262 1769 urbes
1277 1704 1405 1794 refugit.

339 1820 413 1886 Non
431 1820 549 1884 miram
573 1815 732 1907 placuisse
759 1814 957 1881 consularem
981 1815 1068 1881 mitti
1092 1816 1264 1883 exercitum
1292 1829 1403 1884 cantra

339 1924 539 2009 Viriathum,
562 1952 662 2019 quum
677 1926 833 2017 Carthago
851 1938 884 1993 et
905 1927 1036 1993 Graecia
1054 1927 1184 1994 subacta
1203 1941 1325 2010 essent,
1344 1952 1408 1997 aec

340 2070 358 2110 a
378 2043 566 2110 Macedonia
586 2040 764 2133 quidquam
783 2052 865 2107 esset
884 2040 1102 2107 metuendum.
1133 2043 1236 2132 igitur
1254 2043 1405 2110 Aemilia-

338 2183 398 2226 nus
415 2170 522 2224 ncster
537 2178 654 2222 norum
673 2155 848 2221 exercitum
870 2157 976 2221 15000
993 2154 1140 2245 peditum
1157 2157 1293 2222 112000
1312 2157 1407 2247 equi·

339 2286 409 2339 tum
439 2292 547 2337 secum
576 2268 665 2333 duxit
696 2269 726 2339 ἐς
754 2269 896 2347 'orrens
922 2273 978 2340 τῆς
1002 2267 1158 2348 Ἰβηρίας,
1181 2268 1266 2334 unde
1285 2269 1409 2360 absque

341 2408 448 2477 pugna
475 2381 577 2448 Gades
601 2404 633 2446 se
654 2378 812 2457 contulit3
833 2400 899 2443 non
920 2377 1015 2444 credo
1035 2379 1125 2444 Fabii
1144 2380 1273 2447 Maximi
1293 2394 1407 2449 strate-

343 2518 434 2590 qerna
453 2495 553 2563 nostri
572 2490 996 2581 1111111,111111111111111111111Ι
1017 2504 1187 2572 memorat,
1210 2516 1283 2560 nam
1306 2516 1408 2586 quum

345 2628 472 2704 pugnae
491 2602 581 2674 nulla
602 2607 658 2671 fiat
676 2605 813 2684 mentio,
836 2624 902 2670 non
922 2615 990 2670 erat
1001 2625 1060 2670 cur
1068 2605 1124 2671 ille
1142 2628 1239 2673 nares
1254 2607 1408 2676 incende·

343 2734 407 2801 ret,
440 2725 627 2810 priusquam
656 2718 751 2784 iniret
779 2717 956 2808 proelium,
989 2740 1030 2784 ne
1059 2718 1218 2809 refugium
1248 2721 1288 2787 ad
1313 2745 1410 2789 nares

342 2846 424 2900 esset
443 2844 475 2898 et
492 2833 598 2897 minus
616 2841 799 2895 constanter
813 2843 1008 2921 pugnarent3
1024 2831 1063 2896 ad
1085 2855 1256 2923 quemnam
1272 2835 1410 2902 Fabium

344 2943 502 3037 pertineat
525 2941 605 3009 illud
631 2941 827 3030 ignoramus,
859 2940 914 3007 sed
940 2942 1074 3008 omnino
1095 2965 1161 3009 non
1183 2942 1223 3010 ad
1249 2959 1412 3028 nostrum,

346 3069 381 3123 111
407 3054 569 3122 Haalltius
593 3055 779 3145 suspicatur.

392 3162 475 3235 Turn
503 3166 664 3232 Viriathus
690 3165 732 3232 de
755 3186 847 3230 more
863 3164 1023 3256 proelium
1042 3166 1115 3233 iniit
1142 3189 1218 3235 cum
1245 3168 1410 3238 Romano-

346 3307 417 3351 rum
438 3280 629 3373 quibusdam
650 3280 707 3371 qni
721 3276 876 3370 lignatum
893 3277 1052 3359 abierant,
1069 3281 1156 3371 quod
1174 3305 1276 3373 quum
1291 3284 1416 3353 Fabius

346 3408 492 3489 expertus
522 3405 603 3460 esset
629 3393 663 3457 iu
688 3403 850 3483 posterum
879 3392 1062 3483 exemplum
1080 3394 1178 3484 patris
1197 3407 1324 3463 ecculm
1344 3421 1412 3464 non

345 3511 413 3577 alne
442 3528 556 3598 magna
586 3517 781 3573 armatorum
809 3526 906 3571 manu
932 3506 1049 3572 milites
1071 3507 1302 3576 frumentatum
1323 3510 1414 3577 abire

347 3622 488 3699 sinebat,
518 3621 585 3686 imo
608 3621 676 3712 ipsc
699 3641 786 3709 equo
804 3617 945 3685 insidens
961 3620 1175 3687 comitabatur
1192 3623 1312 3714 copias,
1357 3622 1414 3689 Si·

346 3732 418 3801 mili
437 3733 533 3800 modo
552 3733 656 3823 patric
676 3752 765 3798 more
785 3730 923 3812 Fabius,
944 3732 1001 3823 qui
1018 3732 1086 3824 ipre
1104 3733 1308 3824 disciplinam
1325 3735 1415 3801 mili·

345 3863 448 3915 tarem
469 3860 596 3913 strenue
615 3845 821 3925 observabat,
846 3858 881 3911 nt
903 3846 1075 3912 Velleius²
1098 3846 1208 3928 tradit,
1231 3872 1335 3916 naras
1350 3850 1413 3916 mi·

347 3963 419 4027 lites
450 3958 526 4025 huic
552 3959 695 4049 gnaviter
723 3958 891 4025 assuefecit
917 3971 950 4025 et
976 3961 1132 4040 exercuit,
1159 3961 1282 4027 interea
1310 3962 1413 4028 aciem

351 4072 492 4139 nondum
521 4072 663 4155 struebat
692 4071 732 4137 ab
753 4072 843 4138 hoste
863 4072 985 4139 etiamsi
1003 4073 1127 4165 saepius
1145 4072 1296 4141 inritatus
1314 4087 1417 4166 atque

336 4187 523 4265 lacessitus,
540 4185 678 4276 denique
696 4185 877 4252 cunctando
895 4198 1020 4279 tempus
1037 4187 1159 4253 terebat
1175 4187 1308 4269 Fabium
1324 4187 1415 4280 quod

333 4435 673 4506 .¹)Strat.1.rttat.
725 4433 909 4503 ’111111
