3154 5294
326 466 365 527 82
459 484 486 532 o.
498 484 600 527 narras
612 481 642 527 u.
654 482 680 525 r.
693 481 720 532 o.
732 478 760 522 n.
773 478 921 522 ruausrus
932 459 986 542 (9).
1008 458 1028 542 ᾗ
1040 460 1068 523 2.
1081 478 1273 525 aenaruoau.
1384 454 1390 465 '

703 678 775 763 §A
826 677 1036 765 Genealoga'o.

380 881 415 948 Si
444 882 506 947 hoc
536 902 713 970 cognomen
743 891 830 945 recte
854 879 1008 970 explicui,
1039 891 1102 945 tres
1122 881 1251 960 iratres,
1270 880 1311 947 de
1332 883 1404 972 qui-

336 997 394 1063 bus
425 995 576 1085 deinceps
605 993 725 1072 dicam,
756 991 819 1057 hoc
839 992 1000 1082 gaudeant
1020 1014 1148 1061 necesse
1167 1006 1228 1073 est,
1253 995 1286 1059 in
1307 1018 1404 1085 quem

334 1109 465 1178 modum
487 1109 596 1177 Vastus
615 1130 680 1171 non
699 1129 765 1171 esse
784 1107 946 1197 suppletus
965 1107 1071 1173 miror.
1106 1106 1197 1175 Cadit
1219 1120 1327 1177 autem
1346 1109 1404 1175 illa

335 1222 465 1314 opinio,
498 1243 580 1310 quae
610 1242 719 1287 eorum
751 1220 836 1309 patri
866 1219 974 1286 Marco
1002 1221 1050 1308 (6)
1080 1219 1233 1287 tribuerat
1263 1222 1404 1311 primum

337 1335 485 1401 Ambusti
514 1355 708 1422 cognomen,
742 1331 829 1423 quod
859 1332 989 1399 Liviana
1012 1344 1022 1382 ¹
1057 1332 1153 1399 rerba
1179 1346 1320 1400 annuere
1346 1357 1406 1401 nec

337 1473 411 1515 nero
443 1447 603 1514 conficere
633 1445 794 1511 ridentur:
826 1446 953 1536 »legati
983 1458 1045 1515 tres
1074 1445 1117 1513 M.
1140 1445 1231 1511 Fabii
1260 1445 1408 1515 Ambusti

338 1563 399 1627 filii
418 1561 541 1640 missi'';
565 1561 674 1626 livius
696 1561 808 1627 saltem
829 1560 886 1627 ubi
905 1559 945 1626 de
965 1559 1074 1625 Marco
1092 1559 1151 1625 illo
1173 1559 1335 1653 loquitur,
1359 1585 1408 1627 se·

338 1674 417 1741 dulo
447 1697 519 1739 cum
551 1672 747 1739 Vibulanum
778 1686 901 1741 tantum
921 1672 1010 1741 dicit.
1057 1671 1178 1739 Neuter
1203 1672 1408 1741 iliustretur

339 1787 453 1853 habuit
481 1786 542 1851 hoc
560 1798 684 1876 praeter
708 1785 902 1851 Vibulanum
934 1808 1127 1876 cognomen,
1159 1797 1195 1851 ut
1216 1786 1408 1876 quibusdam

338 1900 482 1980 ridetur3
515 1901 540 1965 si
570 1899 655 1965 enim
685 1910 748 1964 tres
777 1900 877 1964 nostri
906 1921 971 1967 non
999 1899 1095 1989 primi
1121 1899 1165 1965 sic
1191 1901 1408 1988 cognominati

338 2025 427 2090 sunt,
461 2035 569 2081 rerum
598 2012 718 2102 patruis
747 2034 856 2105 eorum
885 2011 970 2077 idem
994 2012 1131 2091 tribuas,
1164 2024 1255 2103 pater
1278 2037 1408 2104 quoque

340 2127 453 2217 procul
484 2125 583 2191 dubio
614 2124 724 2189 luisset
756 2123 948 2203 Ambustus,
978 2124 1066 2216 quod
1093 2139 1237 2193 nonest.
1287 2128 1407 2193 Turbae

337 2240 409 2304 illas
430 2249 572 2303 moverat
591 2234 778 2323 Anonymus
797 2234 929 2314 Norisii,
950 2236 1039 2301 cuius
1059 2235 1216 2303 levissima
1236 2238 1408 2312 auctoritas

339 2350 515 2443 spernenda
534 2361 581 2414 est
602 2371 678 2439 prae
698 2349 749 2426 iis,
775 2370 857 2438 quae
880 2347 942 2414 iarn
963 2369 1049 2415 nuno
1070 2372 1266 2439 proponam:
1294 2349 1330 2434 Q
1345 2351 1408 2419 lla·

339 2465 412 2531 bius
442 2462 554 2529 consul
583 2462 658 2527 anni
677 2465 744 2526 342
772 2485 789 2526 a
815 2461 907 2527 Livio
930 2473 962 2526 et
983 2459 1169 2537 cassiodoro
1191 2462 1309 2531 dicitur
1330 2465 1409 2529 Arn-

338 2580 468 2657 bustus,
492 2589 603 2643 contra
622 2576 662 2641 ab
687 2574 855 2664 Anonymo
884 2576 944 2641 isto
962 2574 1168 2655 Vimillanus;
1186 2576 1262 2642 hinc
1283 2588 1408 2645 utrum-

340 2716 403 2784 que
423 2713 538 2757 nomen
559 2690 789 2777 coniungentes
808 2689 976 2754 Fastorum
994 2701 1138 2755 auctores
1154 2689 1247 2757 uobis
1262 2690 1300 2759 ad
1321 2689 1410 2756 hunc

340 2827 442 2894 usque
472 2803 557 2868 dicrn
585 2802 807 2891 imposuerunt
835 2800 872 2884 Q.
893 2800 1028 2869 Fabium
1055 2801 1248 2871 Vibulanum
1271 2802 1409 2873 Ambus-

330 2932 426 2995 ‚tum3
448 2916 497 2980 nil
518 2915 648 2992 falsius,
671 2936 736 2979 non
758 2935 855 3003 urgeo
877 2915 1040 3002 Anonymi
1063 2915 1307 3004 negligentiam,
1331 2928 1409 2985 tunc

342 3032 381 3096 V
378 3030 570 3106 amiculum,
604 3039 682 3092 tunc
715 3027 754 3091 V
751 3030 945 3106 imilanum,
978 3040 1056 3095 tunc
1081 3029 1118 3096 V
1116 3031 1303 3097 a'ms'llannm
1331 3033 1409 3096 scri-

338 3143 461 3225 bentis,
484 3141 541 3207 ubi
561 3141 600 3210 V
598 3141 754 3205 adalanus
776 3140 1003 3230 intelligendus
1025 3153 1086 3220 cst,
1106 3141 1192 3207 aliud
1211 3143 1295 3211 volo.
1324 3143 1409 3211 Nul-

340 3257 390 3321 lus
408 3254 524 3323 horum
545 3253 627 3345 apud
651 3254 798 3320 classicos
819 3276 877 3319 nec
898 3254 931 3318 in
953 3255 1119 3325 Fastorum
1141 3256 1325 3346 fragmentis
1346 3257 1408 3327 du·

340 3370 414 3460 pler
435 3368 533 3433 babet
551 3390 741 3457 cognomen.
777 3366 939 3435 Haakbius
958 3366 1097 3458 denique
1116 3369 1319 3437 consulatum
1334 3372 1409 3439 anni

345 3487 410 3551 342
439 3481 551 3547 tribuit
580 3480 615 3564 Q.
638 3480 738 3547 Fabio
760 3480 920 3546 consulari
940 3481 1015 3547 anni
1036 3486 1120 3560 331,
1149 3481 1322 3548 tribunicio
1344 3488 1409 3553 338

343 3607 375 3662 et
396 3598 461 3661 340
481 3597 546 3678 (7),
578 3606 624 3658 est
653 3593 709 3659 ille
738 3616 818 3659 unus
840 3592 970 3683 quidem
998 3594 1217 3674 eVrbulanrs
1241 3597 1337 3665 etsie
1359 3620 1408 3663 re-

344 3707 480 3799 spondet
493 3709 678 3795 Anonymc,
695 3706 750 3773 sed
770 3706 855 3797 apud
875 3706 1000 3775 Livium
1024 3707 1194 3777 Ambustus
1214 3708 1332 3777 dicitur
1347 3708 1408 3779 bu·

343 3823 391 3887 ius
422 3823 495 3887 anni
524 3821 656 3902 consul,
688 3832 798 3887 eontra
822 3820 999 3886 Vibulanus
1028 3823 1140 3889 ceteris
1167 3823 1276 3904 annis,
1302 3824 1347 3889 ita
1375 3835 1410 3891 ut

344 3935 424 4003 duos
443 3935 583 4001 diversos
602 3935 661 3999 sibi
683 3933 810 4001 uidetur
829 3934 983 4014 voluisse3
1006 3935 1073 4003 noli
1092 3959 1167 4026 ergo
1185 3948 1295 4005 contra
1314 3936 1410 4005 buius

336 4049 388 4119 rei
410 4061 503 4116 testes
527 4047 645 4131 Quinto
671 4045 831 4113 Vibulano
852 4044 1005 4115 honorem
1027 4045 1213 4126 obtrudere,
1236 4071 1310 4115 nam
1335 4049 1408 4114 nul·

343 4161 450 4227 lum
442 4162 549 4231 mreni
582 4159 766 4249 exemplum
797 4158 995 4237 consulatus,
1028 4182 1093 4250 quo
1121 4160 1191 4250 quis
1219 4161 1409 4231 tribunicius

343 4275 473 4343 iunctus
502 4274 559 4353 sit3
587 4284 656 4339 tum
680 4271 766 4363 apud
787 4271 1009 4360 Anonymum,
1041 4274 1094 4339 cui
1125 4285 1249 4345 tanturn
1278 4273 1409 4352 tribuis,

373 4526 392 4593 1)
411 4528 445 4577 v.
464 4530 506 4574 35.
