<?xml version="1.0" encoding="UTF-8"?>
<!DOCTYPE html PUBLIC "-//W3C//DTD XHTML 1.0 Transitional//EN"
    "http://www.w3.org/TR/xhtml1/DTD/xhtml1-transitional.dtd">
<html xmlns="http://www.w3.org/1999/xhtml" xml:lang="en" lang="en">
 <head>
  <title>
</title>
<meta http-equiv="Content-Type" content="text/html;charset=utf-8" />
  <meta name='ocr-system' content='tesseract 3.04.00' />
  <meta name='ocr-capabilities' content='ocr_page ocr_carea ocr_par ocr_line ocrx_word'/>
</head>
<body>
  <div class='ocr_page' id='page_1' title='image "./disputatiodegen00servgoog_0161.png"; bbox 0 0 3154 5294; ppageno 0'>
   <div class='ocr_carea' id='block_1_1' title="bbox 346 427 1331 512">
    <p class='ocr_par' dir='ltr' id='par_1_1' title="bbox 346 427 1331 512">
     <span class='ocr_line' id='line_1_1' title="bbox 346 427 1331 512; baseline -0.001 -17"><span class='ocrx_word' id='word_1_1' title='bbox 346 432 405 495; x_wconf 80' lang='lat'><strong>146</strong></span> <span class='ocrx_word' id='word_1_2' title='bbox 449 449 475 493; x_wconf 89' lang='lat' dir='ltr'><strong>o.</strong></span> <span class='ocrx_word' id='word_1_3' title='bbox 497 448 599 492; x_wconf 86' lang='lat' dir='ltr'><strong>rrnrus</strong></span> <span class='ocrx_word' id='word_1_4' title='bbox 618 448 644 494; x_wconf 90' lang='lat' dir='ltr'><strong>e.</strong></span> <span class='ocrx_word' id='word_1_5' title='bbox 665 449 693 492; x_wconf 83' lang='lat' dir='ltr'><strong>r.</strong></span> <span class='ocrx_word' id='word_1_6' title='bbox 714 447 745 491; x_wconf 88' lang='lat' dir='ltr'><strong>u.</strong></span> <span class='ocrx_word' id='word_1_7' title='bbox 767 447 795 490; x_wconf 85' lang='lat' dir='ltr'><strong>n.</strong></span> <span class='ocrx_word' id='word_1_8' title='bbox 816 447 918 492; x_wconf 84' lang='lat' dir='ltr'><strong>moron</strong></span> <span class='ocrx_word' id='word_1_9' title='bbox 939 427 1015 512; x_wconf 82' lang='lat'><strong>(26).</strong></span> <span class='ocrx_word' id='word_1_10' title='bbox 1035 430 1056 512; x_wconf 60' lang='grc' dir='ltr'><em>ς</em></span> <span class='ocrx_word' id='word_1_11' title='bbox 1079 431 1106 492; x_wconf 86' lang='lat' dir='ltr'><strong>l.</strong></span> <span class='ocrx_word' id='word_1_12' title='bbox 1126 447 1237 494; x_wconf 81' lang='lat' dir='ltr'><strong>corson</strong></span> <span class='ocrx_word' id='word_1_13' title='bbox 1257 432 1331 496; x_wconf 80' lang='lat'><strong>485.</strong></span> 
     </span>
    </p>
   </div>
   <div class='ocr_carea' id='block_1_2' title="bbox 325 622 1421 3877">
    <p class='ocr_par' dir='ltr' id='par_1_2' title="bbox 351 622 1418 1052">
     <span class='ocr_line' id='line_1_2' title="bbox 398 622 1417 714; baseline 0 -23"><span class='ocrx_word' id='word_1_14' title='bbox 398 626 528 692; x_wconf 84' lang='lat' dir='ltr'>Praeter</span> <span class='ocrx_word' id='word_1_15' title='bbox 556 622 757 689; x_wconf 83' lang='lat' dir='ltr'><strong>consulatum</strong></span> <span class='ocrx_word' id='word_1_16' title='bbox 785 622 913 688; x_wconf 91' lang='lat' dir='ltr'><strong>nullum</strong></span> <span class='ocrx_word' id='word_1_17' title='bbox 941 624 1037 712; x_wconf 75' lang='lat' dir='ltr'><strong>gessit</strong></span> <span class='ocrx_word' id='word_1_18' title='bbox 1063 624 1301 714; x_wconf 64' lang='lat' dir='ltr'><strong>magistratum</strong></span> <span class='ocrx_word' id='word_1_19' title='bbox 1334 624 1417 692; x_wconf 88' lang='lat' dir='ltr'><strong>male</strong></span> 
     </span>
     <span class='ocr_line' id='line_1_3' title="bbox 351 734 1418 828; baseline -0.002 -22"><span class='ocrx_word' id='word_1_20' title='bbox 351 752 458 806; x_wconf 88' lang='lat' dir='ltr'><strong>autem</strong></span> <span class='ocrx_word' id='word_1_21' title='bbox 479 736 618 803; x_wconf 89' lang='lat' dir='ltr'><strong>ereditur</strong></span> <span class='ocrx_word' id='word_1_22' title='bbox 634 734 859 801; x_wconf 78' lang='lat' dir='ltr'><strong>Alexandriam</strong></span> <span class='ocrx_word' id='word_1_23' title='bbox 880 735 992 802; x_wconf 87' lang='lat' dir='ltr'><strong>missus</strong></span> <span class='ocrx_word' id='word_1_24' title='bbox 1011 759 1077 802; x_wconf 90' lang='lat' dir='ltr'><strong>esse</strong></span> <span class='ocrx_word' id='word_1_25' title='bbox 1098 738 1236 828; x_wconf 75' lang='lat' dir='ltr'><strong>legatus,</strong></span> <span class='ocrx_word' id='word_1_26' title='bbox 1260 761 1333 804; x_wconf 91' lang='lat' dir='ltr'><strong>uam</strong></span> <span class='ocrx_word' id='word_1_27' title='bbox 1355 738 1418 804; x_wconf 82' lang='lat' dir='ltr'><strong>Va-</strong></span> 
     </span>
     <span class='ocr_line' id='line_1_4' title="bbox 353 849 1416 940; baseline 0.001 -24"><span class='ocrx_word' id='word_1_28' title='bbox 353 852 425 918; x_wconf 89' lang='lat' dir='ltr'><strong>lerii</strong></span> <span class='ocrx_word' id='word_1_29' title='bbox 447 864 456 901; x_wconf 86' lang='lat'>¹</span> <span class='ocrx_word' id='word_1_30' title='bbox 478 851 568 916; x_wconf 90' lang='lat' dir='ltr'><strong>locus</strong></span> <span class='ocrx_word' id='word_1_31' title='bbox 589 871 675 914; x_wconf 91' lang='lat' dir='ltr'><strong>nunc</strong></span> <span class='ocrx_word' id='word_1_32' title='bbox 695 861 781 915; x_wconf 88' lang='lat' dir='ltr'><strong>recte</strong></span> <span class='ocrx_word' id='word_1_33' title='bbox 813 860 936 915; x_wconf 86' lang='lat' dir='ltr'><strong>constat</strong></span> <span class='ocrx_word' id='word_1_34' title='bbox 965 849 1152 917; x_wconf 88' lang='lat' dir='ltr'><strong>emendatus</strong></span> <span class='ocrx_word' id='word_1_35' title='bbox 1168 875 1205 919; x_wconf 80' lang='lat' dir='ltr'><strong>ex</strong></span> <span class='ocrx_word' id='word_1_36' title='bbox 1236 851 1382 940; x_wconf 78' lang='lat' dir='ltr'><strong>Dionysii</strong></span> <span class='ocrx_word' id='word_1_37' title='bbox 1402 864 1416 904; x_wconf 83' lang='lat'>²</span> 
     </span>
     <span class='ocr_line' id='line_1_5' title="bbox 353 963 544 1052; baseline -0.005 -23"><span class='ocrx_word' id='word_1_38' title='bbox 353 963 544 1052; x_wconf 76' lang='lat' dir='ltr'><strong>fragmento.</strong></span> 
     </span>
    </p>

    <p class='ocr_par' dir='ltr' id='par_1_3' title="bbox 351 1073 1421 2293">
     <span class='ocr_line' id='line_1_6' title="bbox 399 1073 1419 1164; baseline 0.002 -21"><span class='ocrx_word' id='word_1_39' title='bbox 399 1076 552 1143; x_wconf 81' lang='lat' dir='ltr'>Consules</span> <span class='ocrx_word' id='word_1_40' title='bbox 571 1086 584 1126; x_wconf 77' lang='lat'>³</span> <span class='ocrx_word' id='word_1_41' title='bbox 606 1073 720 1164; x_wconf 80' lang='lat' dir='ltr'>egressi</span> <span class='ocrx_word' id='word_1_42' title='bbox 735 1086 809 1140; x_wconf 89' lang='lat' dir='ltr'><strong>sunt</strong></span> <span class='ocrx_word' id='word_1_43' title='bbox 827 1084 938 1141; x_wconf 83' lang='lat' dir='ltr'><strong>eontra</strong></span> <span class='ocrx_word' id='word_1_44' title='bbox 958 1096 1089 1140; x_wconf 88' lang='lat' dir='ltr'><strong>manum</strong></span> <span class='ocrx_word' id='word_1_45' title='bbox 1109 1073 1318 1159; x_wconf 85' lang='lat' dir='ltr'><strong>Samnitium3</strong></span> <span class='ocrx_word' id='word_1_46' title='bbox 1341 1079 1419 1147; x_wconf 92' lang='lat' dir='ltr'><strong>Lol-</strong></span> 
     </span>
     <span class='ocr_line' id='line_1_7' title="bbox 353 1185 1418 1279; baseline 0.004 -24"><span class='ocrx_word' id='word_1_47' title='bbox 353 1190 416 1255; x_wconf 86' lang='lat' dir='ltr'><strong>lius</strong></span> <span class='ocrx_word' id='word_1_48' title='bbox 446 1188 575 1279; x_wconf 90' lang='lat' dir='ltr'><strong>quidam</strong></span> <span class='ocrx_word' id='word_1_49' title='bbox 604 1210 641 1253; x_wconf 84' lang='lat' dir='ltr'><strong>ex</strong></span> <span class='ocrx_word' id='word_1_50' title='bbox 670 1185 865 1253; x_wconf 88' lang='lat' dir='ltr'><strong>Samnitibus</strong></span> <span class='ocrx_word' id='word_1_51' title='bbox 892 1186 1014 1253; x_wconf 84' lang='lat' dir='ltr'><strong>Romae</strong></span> <span class='ocrx_word' id='word_1_52' title='bbox 1045 1187 1135 1253; x_wconf 83' lang='lat' dir='ltr'><strong>obses</strong></span> <span class='ocrx_word' id='word_1_53' title='bbox 1157 1188 1310 1279; x_wconf 79' lang='lat' dir='ltr'><strong>degebat,</strong></span> <span class='ocrx_word' id='word_1_54' title='bbox 1332 1192 1418 1259; x_wconf 91' lang='lat' dir='ltr'><strong>unde</strong></span> 
     </span>
     <span class='ocr_line' id='line_1_8' title="bbox 352 1298 1419 1393; baseline 0.004 -25"><span class='ocrx_word' id='word_1_55' title='bbox 352 1303 478 1393; x_wconf 87' lang='lat' dir='ltr'><strong>elapsus</strong></span> <span class='ocrx_word' id='word_1_56' title='bbox 495 1323 626 1367; x_wconf 90' lang='lat' dir='ltr'><strong>manum</strong></span> <span class='ocrx_word' id='word_1_57' title='bbox 644 1299 834 1390; x_wconf 75' lang='lat' dir='ltr'><strong>collegerat,</strong></span> <span class='ocrx_word' id='word_1_58' title='bbox 856 1310 888 1364; x_wconf 85' lang='lat' dir='ltr'><strong>et</strong></span> <span class='ocrx_word' id='word_1_59' title='bbox 906 1298 1104 1367; x_wconf 89' lang='lat' dir='ltr'><strong>munimento</strong></span> <span class='ocrx_word' id='word_1_60' title='bbox 1125 1301 1274 1367; x_wconf 86' lang='lat' dir='ltr'><strong>conlecto</strong></span> <span class='ocrx_word' id='word_1_61' title='bbox 1294 1302 1419 1372; x_wconf 76' lang='lat' dir='ltr'><strong>ltaliam</strong></span> 
     </span>
     <span class='ocr_line' id='line_1_9' title="bbox 352 1412 1421 1506; baseline 0.004 -26"><span class='ocrx_word' id='word_1_62' title='bbox 352 1414 580 1506; x_wconf 73' lang='lat' dir='ltr'><strong>populabatur.</strong></span> <span class='ocrx_word' id='word_1_63' title='bbox 639 1412 705 1479; x_wconf 88' lang='lat' dir='ltr'><strong>Hos</strong></span> <span class='ocrx_word' id='word_1_64' title='bbox 744 1412 881 1478; x_wconf 85' lang='lat' dir='ltr'><strong>advenas</strong></span> <span class='ocrx_word' id='word_1_65' title='bbox 918 1412 1054 1478; x_wconf 90' lang='lat' dir='ltr'><strong>inermes</strong></span> <span class='ocrx_word' id='word_1_66' title='bbox 1095 1412 1192 1479; x_wconf 88' lang='lat' dir='ltr'><strong>facile</strong></span> <span class='ocrx_word' id='word_1_67' title='bbox 1234 1414 1421 1485; x_wconf 85' lang='lat' dir='ltr'><strong>devicerunt</strong></span> 
     </span>
     <span class='ocr_line' id='line_1_10' title="bbox 354 1526 1420 1608; baseline 0.001 -13"><span class='ocrx_word' id='word_1_68' title='bbox 354 1527 491 1595; x_wconf 86' lang='lat' dir='ltr'><strong>Romani</strong></span> <span class='ocrx_word' id='word_1_69' title='bbox 524 1528 656 1606; x_wconf 90' lang='lat' dir='ltr'><strong>milites,</strong></span> <span class='ocrx_word' id='word_1_70' title='bbox 689 1528 890 1608; x_wconf 69' lang='grc' dir='ltr'><em>χωρήσαντες</em></span> <span class='ocrx_word' id='word_1_71' title='bbox 922 1526 972 1590; x_wconf 79' lang='grc' dir='ltr'><strong>ἐπὶ</strong></span> <span class='ocrx_word' id='word_1_72' title='bbox 1002 1535 1052 1591; x_wconf 72' lang='lat' dir='ltr'><strong>Kos</strong></span> <span class='ocrx_word' id='word_1_73' title='bbox 1054 1526 1191 1608; x_wconf 75' lang='grc' dir='ltr'><strong>ρκίνους,</strong></span> <span class='ocrx_word' id='word_1_74' title='bbox 1225 1528 1259 1593; x_wconf 93' lang='lat' dir='ltr'><strong>iu</strong></span> <span class='ocrx_word' id='word_1_75' title='bbox 1287 1530 1420 1597; x_wconf 87' lang='lat' dir='ltr'><strong>Bruttiis</strong></span> 
     </span>
     <span class='ocr_line' id='line_1_11' title="bbox 354 1637 1420 1732; baseline 0.004 -25"><span class='ocrx_word' id='word_1_76' title='bbox 354 1643 484 1732; x_wconf 88' lang='lat' dir='ltr'>opinor,</span> <span class='ocrx_word' id='word_1_77' title='bbox 516 1642 571 1711; x_wconf 87' lang='lat' dir='ltr'><strong>ubi</strong></span> <span class='ocrx_word' id='word_1_78' title='bbox 597 1642 719 1706; x_wconf 87' lang='lat' dir='ltr'><strong>flumen</strong></span> <span class='ocrx_word' id='word_1_79' title='bbox 745 1637 912 1719; x_wconf 79' lang='lat' dir='ltr'><strong>Carcines,</strong></span> <span class='ocrx_word' id='word_1_80' title='bbox 944 1637 997 1704; x_wconf 91' lang='lat' dir='ltr'><strong>cui</strong></span> <span class='ocrx_word' id='word_1_81' title='bbox 1022 1638 1145 1706; x_wconf 84' lang='lat' dir='ltr'><strong>adiacet</strong></span> <span class='ocrx_word' id='word_1_82' title='bbox 1169 1641 1246 1708; x_wconf 91' lang='lat' dir='ltr'><strong>urbs</strong></span> <span class='ocrx_word' id='word_1_83' title='bbox 1278 1643 1420 1712; x_wconf 90' lang='lat' dir='ltr'><strong>eiusdem</strong></span> 
     </span>
     <span class='ocr_line' id='line_1_12' title="bbox 352 1751 1420 1844; baseline 0.005 -25"><span class='ocrx_word' id='word_1_84' title='bbox 352 1754 501 1820; x_wconf 90' lang='lat' dir='ltr'><strong>nominis</strong></span> <span class='ocrx_word' id='word_1_85' title='bbox 557 1754 619 1819; x_wconf 85' lang='lat' dir='ltr'><strong>llio</strong></span> <span class='ocrx_word' id='word_1_86' title='bbox 643 1752 794 1844; x_wconf 84' lang='lat' dir='ltr'><strong>praedam</strong></span> <span class='ocrx_word' id='word_1_87' title='bbox 819 1751 1049 1843; x_wconf 84' lang='lat' dir='ltr'><strong>deposuerant,</strong></span> <span class='ocrx_word' id='word_1_88' title='bbox 1074 1752 1129 1819; x_wconf 88' lang='lat' dir='ltr'><strong>sed</strong></span> <span class='ocrx_word' id='word_1_89' title='bbox 1154 1777 1218 1821; x_wconf 90' lang='lat' dir='ltr'><strong>nou</strong></span> <span class='ocrx_word' id='word_1_90' title='bbox 1238 1757 1344 1822; x_wconf 85' lang='lat' dir='ltr'><strong>statim</strong></span> <span class='ocrx_word' id='word_1_91' title='bbox 1365 1779 1420 1824; x_wconf 90' lang='lat' dir='ltr'><strong>oe·</strong></span> 
     </span>
     <span class='ocr_line' id='line_1_13' title="bbox 352 1862 1418 1958; baseline 0.003 -26"><span class='ocrx_word' id='word_1_92' title='bbox 352 1878 468 1958; x_wconf 90' lang='lat' dir='ltr'><strong>perunt</strong></span> <span class='ocrx_word' id='word_1_93' title='bbox 479 1864 616 1930; x_wconf 81' lang='lat' dir='ltr'><strong>Romam</strong></span> <span class='ocrx_word' id='word_1_94' title='bbox 628 1862 715 1930; x_wconf 91' lang='lat' dir='ltr'><strong>hune</strong></span> <span class='ocrx_word' id='word_1_95' title='bbox 733 1863 887 1941; x_wconf 91' lang='lat' dir='ltr'><strong>locum,</strong></span> <span class='ocrx_word' id='word_1_96' title='bbox 879 1886 943 1928; x_wconf 92' lang='lat' dir='ltr'><strong>1mo</strong></span> <span class='ocrx_word' id='word_1_97' title='bbox 959 1885 1073 1953; x_wconf 87' lang='lat' dir='ltr'><strong>parum</strong></span> <span class='ocrx_word' id='word_1_98' title='bbox 1092 1863 1210 1944; x_wconf 86' lang='lat' dir='ltr'><strong>obluit,</strong></span> <span class='ocrx_word' id='word_1_99' title='bbox 1230 1867 1418 1956; x_wconf 90' lang='lat' dir='ltr'><strong>quinnoetu</strong></span> 
     </span>
     <span class='ocr_line' id='line_1_14' title="bbox 352 1975 1421 2066; baseline 0.004 -22"><span class='ocrx_word' id='word_1_100' title='bbox 352 1979 546 2046; x_wconf 83' lang='lat' dir='ltr'><strong>interiissent</strong></span> <span class='ocrx_word' id='word_1_101' title='bbox 570 2000 588 2041; x_wconf 89' lang='lat' dir='ltr'><strong>a</strong></span> <span class='ocrx_word' id='word_1_102' title='bbox 612 1977 783 2066; x_wconf 76' lang='lat' dir='ltr'><strong>transfugis</strong></span> <span class='ocrx_word' id='word_1_103' title='bbox 807 1976 963 2066; x_wconf 88' lang='lat' dir='ltr'><strong>superati,</strong></span> <span class='ocrx_word' id='word_1_104' title='bbox 989 1977 1046 2066; x_wconf 86' lang='lat' dir='ltr'><strong>qui</strong></span> <span class='ocrx_word' id='word_1_105' title='bbox 1070 1975 1197 2044; x_wconf 84' lang='lat' dir='ltr'><strong>favente</strong></span> <span class='ocrx_word' id='word_1_106' title='bbox 1220 1980 1293 2046; x_wconf 89' lang='lat' dir='ltr'><strong>nire</strong></span> <span class='ocrx_word' id='word_1_107' title='bbox 1311 2004 1421 2048; x_wconf 86' lang='lat' dir='ltr'><strong>muros</strong></span> 
     </span>
     <span class='ocr_line' id='line_1_15' title="bbox 353 2087 1419 2185; baseline 0.002 -27"><span class='ocrx_word' id='word_1_108' title='bbox 353 2093 437 2158; x_wconf 90' lang='lat' dir='ltr'><strong>clam</strong></span> <span class='ocrx_word' id='word_1_109' title='bbox 457 2089 702 2168; x_wconf 86' lang='lat' dir='ltr'><strong>descenderant,</strong></span> <span class='ocrx_word' id='word_1_110' title='bbox 726 2087 781 2156; x_wconf 91' lang='lat' dir='ltr'><strong>sed</strong></span> <span class='ocrx_word' id='word_1_111' title='bbox 800 2088 878 2154; x_wconf 90' lang='lat' dir='ltr'><strong>luna</strong></span> <span class='ocrx_word' id='word_1_112' title='bbox 894 2089 1100 2156; x_wconf 76' lang='lat' dir='ltr'><strong>illucescente</strong></span> <span class='ocrx_word' id='word_1_113' title='bbox 1118 2091 1299 2181; x_wconf 88' lang='lat' dir='ltr'><strong>pericnlum</strong></span> <span class='ocrx_word' id='word_1_114' title='bbox 1318 2117 1419 2185; x_wconf 86' lang='lat' dir='ltr'><strong>appa-</strong></span> 
     </span>
     <span class='ocr_line' id='line_1_16' title="bbox 351 2202 801 2293; baseline -0.009 -23"><span class='ocrx_word' id='word_1_115' title='bbox 351 2206 417 2270; x_wconf 88' lang='lat' dir='ltr'><strong>ruit</strong></span> <span class='ocrx_word' id='word_1_116' title='bbox 439 2216 471 2270; x_wconf 91' lang='lat' dir='ltr'><strong>et</strong></span> <span class='ocrx_word' id='word_1_117' title='bbox 495 2215 607 2293; x_wconf 87' lang='lat' dir='ltr'><strong>captus</strong></span> <span class='ocrx_word' id='word_1_118' title='bbox 631 2214 678 2268; x_wconf 93' lang='lat' dir='ltr'><strong>est</strong></span> <span class='ocrx_word' id='word_1_119' title='bbox 700 2202 801 2267; x_wconf 92' lang='lat' dir='ltr'><strong>locus.</strong></span> 
     </span>
    </p>

    <p class='ocr_par' dir='ltr' id='par_1_4' title="bbox 351 2314 1419 2744">
     <span class='ocr_line' id='line_1_17' title="bbox 396 2314 1418 2408; baseline 0.002 -25"><span class='ocrx_word' id='word_1_120' title='bbox 396 2319 467 2383; x_wconf 88' lang='lat' dir='ltr'><strong>lloe</strong></span> <span class='ocrx_word' id='word_1_121' title='bbox 494 2328 614 2382; x_wconf 69' lang='lat' dir='ltr'><strong>annot</strong></span> <span class='ocrx_word' id='word_1_122' title='bbox 652 2315 795 2381; x_wconf 78' lang='lat' dir='ltr'><strong>Picentes</strong></span> <span class='ocrx_word' id='word_1_123' title='bbox 825 2314 947 2381; x_wconf 90' lang='lat' dir='ltr'><strong>bellum</strong></span> <span class='ocrx_word' id='word_1_124' title='bbox 977 2330 1161 2396; x_wconf 82' lang='lat' dir='ltr'><strong>moverunt,</strong></span> <span class='ocrx_word' id='word_1_125' title='bbox 1196 2318 1283 2408; x_wconf 91' lang='lat' dir='ltr'><strong>quod</strong></span> <span class='ocrx_word' id='word_1_126' title='bbox 1310 2332 1418 2385; x_wconf 91' lang='lat' dir='ltr'><strong>utrum</strong></span> 
     </span>
     <span class='ocr_line' id='line_1_18' title="bbox 351 2427 1419 2519; baseline 0.001 -22"><span class='ocrx_word' id='word_1_127' title='bbox 351 2431 457 2497; x_wconf 90' lang='lat' dir='ltr'><strong>minus</strong></span> <span class='ocrx_word' id='word_1_128' title='bbox 474 2443 602 2498; x_wconf 89' lang='lat' dir='ltr'><strong>strenue</strong></span> <span class='ocrx_word' id='word_1_129' title='bbox 614 2428 784 2519; x_wconf 78' lang='lat' dir='ltr'><strong>gesserint,</strong></span> <span class='ocrx_word' id='word_1_130' title='bbox 804 2452 844 2493; x_wconf 87' lang='lat' dir='ltr'><strong>an</strong></span> <span class='ocrx_word' id='word_1_131' title='bbox 856 2427 1001 2495; x_wconf 89' lang='lat' dir='ltr'><strong>consules</strong></span> <span class='ocrx_word' id='word_1_132' title='bbox 1013 2453 1076 2496; x_wconf 91' lang='lat' dir='ltr'><strong>non</strong></span> <span class='ocrx_word' id='word_1_133' title='bbox 1098 2429 1172 2496; x_wconf 91' lang='lat' dir='ltr'><strong>satis</strong></span> <span class='ocrx_word' id='word_1_134' title='bbox 1193 2431 1311 2497; x_wconf 89' lang='lat' dir='ltr'><strong>luerint</strong></span> <span class='ocrx_word' id='word_1_135' title='bbox 1331 2455 1419 2499; x_wconf 80' lang='lat' dir='ltr'><strong>exer·</strong></span> 
     </span>
     <span class='ocr_line' id='line_1_19' title="bbox 352 2539 1419 2620; baseline -0.002 -10"><span class='ocrx_word' id='word_1_136' title='bbox 352 2544 459 2620; x_wconf 86' lang='lat' dir='ltr'><strong>citati,</strong></span> <span class='ocrx_word' id='word_1_137' title='bbox 488 2541 594 2608; x_wconf 89' lang='lat' dir='ltr'><strong>dicere</strong></span> <span class='ocrx_word' id='word_1_138' title='bbox 619 2564 684 2607; x_wconf 92' lang='lat' dir='ltr'><strong>nou</strong></span> <span class='ocrx_word' id='word_1_139' title='bbox 704 2539 873 2610; x_wconf 84' lang='lat' dir='ltr'><strong>habemus:</strong></span> <span class='ocrx_word' id='word_1_140' title='bbox 899 2540 1014 2606; x_wconf 85' lang='lat' dir='ltr'><strong>scimus</strong></span> <span class='ocrx_word' id='word_1_141' title='bbox 1034 2553 1158 2607; x_wconf 90' lang='lat' dir='ltr'><strong>tantum</strong></span> <span class='ocrx_word' id='word_1_142' title='bbox 1179 2541 1302 2611; x_wconf 89' lang='lat' dir='ltr'><strong>hostem</strong></span> <span class='ocrx_word' id='word_1_143' title='bbox 1324 2544 1419 2615; x_wconf 88' lang='lat' dir='ltr'><strong>illum</strong></span> 
     </span>
     <span class='ocr_line' id='line_1_20' title="bbox 351 2654 1053 2744; baseline -0.009 -18"><span class='ocrx_word' id='word_1_144' title='bbox 351 2681 417 2725; x_wconf 90' lang='lat' dir='ltr'><strong>esse</strong></span> <span class='ocrx_word' id='word_1_145' title='bbox 442 2656 560 2720; x_wconf 78' lang='lat' dir='ltr'><strong>vietum</strong></span> <span class='ocrx_word' id='word_1_146' title='bbox 586 2679 604 2720; x_wconf 92' lang='lat' dir='ltr'><strong>a</strong></span> <span class='ocrx_word' id='word_1_147' title='bbox 627 2654 834 2744; x_wconf 86' lang='lat' dir='ltr'><strong>sequentibus</strong></span> <span class='ocrx_word' id='word_1_148' title='bbox 859 2654 1053 2720; x_wconf 87' lang='lat' dir='ltr'><strong>consulibus.</strong></span> 
     </span>
    </p>

    <p class='ocr_par' dir='ltr' id='par_1_5' title="bbox 349 2765 1417 3311">
     <span class='ocr_line' id='line_1_21' title="bbox 397 2765 1417 2861; baseline 0.006 -28"><span class='ocrx_word' id='word_1_149' title='bbox 397 2768 544 2833; x_wconf 88' lang='lat' dir='ltr'><strong>Innutuit</strong></span> <span class='ocrx_word' id='word_1_150' title='bbox 562 2765 616 2831; x_wconf 89' lang='lat' dir='ltr'><strong>hie</strong></span> <span class='ocrx_word' id='word_1_151' title='bbox 637 2766 821 2831; x_wconf 87' lang='lat' dir='ltr'><strong>consulatus</strong></span> <span class='ocrx_word' id='word_1_152' title='bbox 842 2765 943 2831; x_wconf 87' lang='lat' dir='ltr'><strong>altera</strong></span> <span class='ocrx_word' id='word_1_153' title='bbox 964 2766 1048 2833; x_wconf 88' lang='lat' dir='ltr'><strong>foma</strong></span> <span class='ocrx_word' id='word_1_154' title='bbox 1070 2782 1100 2848; x_wconf 80' lang='lat'><strong>⁵,</strong></span> <span class='ocrx_word' id='word_1_155' title='bbox 1134 2768 1221 2858; x_wconf 92' lang='lat' dir='ltr'><strong>quod</strong></span> <span class='ocrx_word' id='word_1_156' title='bbox 1250 2783 1417 2861; x_wconf 77' lang='lat' dir='ltr'><strong>argeutum</strong></span> 
     </span>
     <span class='ocr_line' id='line_1_22' title="bbox 352 2878 1416 2971; baseline 0.004 -24"><span class='ocrx_word' id='word_1_157' title='bbox 352 2883 509 2971; x_wconf 81' lang='lat' dir='ltr'><strong>signatum</strong></span> <span class='ocrx_word' id='word_1_158' title='bbox 533 2880 630 2945; x_wconf 84' lang='lat' dir='ltr'><strong>suerit</strong></span> <span class='ocrx_word' id='word_1_159' title='bbox 650 2878 713 2945; x_wconf 92' lang='lat' dir='ltr'><strong>hoc</strong></span> <span class='ocrx_word' id='word_1_160' title='bbox 729 2903 812 2944; x_wconf 90' lang='lat' dir='ltr'><strong>anuo</strong></span> <span class='ocrx_word' id='word_1_161' title='bbox 833 2879 897 2944; x_wconf 84' lang='lat' dir='ltr'><strong>sire</strong></span> <span class='ocrx_word' id='word_1_162' title='bbox 917 2892 1004 2945; x_wconf 84' lang='lat' dir='ltr'><strong>sexto</strong></span> <span class='ocrx_word' id='word_1_163' title='bbox 1023 2893 1097 2946; x_wconf 85' lang='lat' dir='ltr'><strong>ante</strong></span> <span class='ocrx_word' id='word_1_164' title='bbox 1118 2880 1239 2949; x_wconf 88' lang='lat' dir='ltr'><strong>bellum</strong></span> <span class='ocrx_word' id='word_1_165' title='bbox 1261 2884 1416 2951; x_wconf 90' lang='lat' dir='ltr'><strong>Punicum</strong></span> 
     </span>
     <span class='ocr_line' id='line_1_23' title="bbox 349 2990 1416 3084; baseline 0.006 -26"><span class='ocrx_word' id='word_1_166' title='bbox 349 2994 502 3084; x_wconf 90' lang='lat' dir='ltr'><strong>primum.</strong></span> <span class='ocrx_word' id='word_1_167' title='bbox 565 2990 696 3059; x_wconf 81' lang='lat' dir='ltr'><strong>Constat</strong></span> <span class='ocrx_word' id='word_1_168' title='bbox 731 2991 813 3057; x_wconf 93' lang='lat' dir='ltr'><strong>illud</strong></span> <span class='ocrx_word' id='word_1_169' title='bbox 846 2991 942 3057; x_wconf 91' lang='lat' dir='ltr'><strong>Plinii</strong></span> <span class='ocrx_word' id='word_1_170' title='bbox 974 2994 1174 3073; x_wconf 87' lang='lat' dir='ltr'><strong>testimonio,</strong></span> <span class='ocrx_word' id='word_1_171' title='bbox 1217 2994 1295 3063; x_wconf 90' lang='lat' dir='ltr'><strong>dum</strong></span> <span class='ocrx_word' id='word_1_172' title='bbox 1335 2999 1416 3064; x_wconf 85' lang='lat' dir='ltr'><strong>Livii</strong></span> 
     </span>
     <span class='ocr_line' id='line_1_24' title="bbox 351 3105 1417 3197; baseline 0.006 -26"><span class='ocrx_word' id='word_1_173' title='bbox 351 3108 544 3197; x_wconf 87' lang='lat' dir='ltr'><strong>epitomator</strong></span> <span class='ocrx_word' id='word_1_174' title='bbox 567 3105 650 3172; x_wconf 92' lang='lat' dir='ltr'><strong>haue</strong></span> <span class='ocrx_word' id='word_1_175' title='bbox 674 3129 743 3171; x_wconf 87' lang='lat' dir='ltr'><strong>rem</strong></span> <span class='ocrx_word' id='word_1_176' title='bbox 764 3105 860 3170; x_wconf 87' lang='lat' dir='ltr'><strong>tradit</strong></span> <span class='ocrx_word' id='word_1_177' title='bbox 880 3117 953 3195; x_wconf 86' lang='lat' dir='ltr'><strong>post</strong></span> <span class='ocrx_word' id='word_1_178' title='bbox 973 3106 1072 3171; x_wconf 84' lang='lat' dir='ltr'><strong>rietus</strong></span> <span class='ocrx_word' id='word_1_179' title='bbox 1092 3107 1238 3174; x_wconf 86' lang='lat' dir='ltr'><strong>Picentes</strong></span> <span class='ocrx_word' id='word_1_180' title='bbox 1261 3112 1417 3177; x_wconf 87' lang='lat' dir='ltr'><strong>colonias·</strong></span> 
     </span>
     <span class='ocr_line' id='line_1_25' title="bbox 352 3218 1417 3311; baseline 0.007 -25"><span class='ocrx_word' id='word_1_181' title='bbox 352 3244 415 3311; x_wconf 91' lang='lat' dir='ltr'><strong>que</strong></span> <span class='ocrx_word' id='word_1_182' title='bbox 441 3221 620 3288; x_wconf 75' lang='lat' dir='ltr'><strong>Ariminum</strong></span> <span class='ocrx_word' id='word_1_183' title='bbox 648 3231 680 3286; x_wconf 89' lang='lat' dir='ltr'><strong>et</strong></span> <span class='ocrx_word' id='word_1_184' title='bbox 704 3220 925 3287; x_wconf 76' lang='lat' dir='ltr'><strong>Beneventum</strong></span> <span class='ocrx_word' id='word_1_185' title='bbox 952 3218 1121 3299; x_wconf 87' lang='lat' dir='ltr'><strong>deductas,</strong></span> <span class='ocrx_word' id='word_1_186' title='bbox 1146 3245 1227 3311; x_wconf 83' lang='lat' dir='ltr'><strong>quoe</strong></span> <span class='ocrx_word' id='word_1_187' title='bbox 1246 3223 1279 3287; x_wconf 93' lang='lat' dir='ltr'><strong>in</strong></span> <span class='ocrx_word' id='word_1_188' title='bbox 1298 3249 1417 3292; x_wconf 91' lang='lat' dir='ltr'><strong>annum</strong></span> 
     </span>
    </p>

    <p class='ocr_par' dir='ltr' id='par_1_6' title="bbox 325 3330 1417 3877">
     <span class='ocr_line' id='line_1_26' title="bbox 325 3330 1417 3429; baseline 0.007 -32"><span class='ocrx_word' id='word_1_189' title='bbox 325 3355 331 3369; x_wconf 93' lang='lat'><strong>·</strong></span> <span class='ocrx_word' id='word_1_190' title='bbox 352 3347 540 3422; x_wconf 89' lang='lat' dir='ltr'><strong>sequentem</strong></span> <span class='ocrx_word' id='word_1_191' title='bbox 570 3333 699 3401; x_wconf 88' lang='lat' dir='ltr'><strong>eadunt.</strong></span> <span class='ocrx_word' id='word_1_192' title='bbox 746 3331 825 3398; x_wconf 89' lang='lat' dir='ltr'><strong>Inde</strong></span> <span class='ocrx_word' id='word_1_193' title='bbox 851 3332 890 3396; x_wconf 91' lang='lat' dir='ltr'><strong>ab</strong></span> <span class='ocrx_word' id='word_1_194' title='bbox 915 3330 978 3398; x_wconf 90' lang='lat' dir='ltr'><strong>hoe</strong></span> <span class='ocrx_word' id='word_1_195' title='bbox 1002 3344 1145 3424; x_wconf 86' lang='lat' dir='ltr'><strong>tempore</strong></span> <span class='ocrx_word' id='word_1_196' title='bbox 1165 3338 1321 3416; x_wconf 82' lang='lat' dir='ltr'><strong>sestertii,</strong></span> <span class='ocrx_word' id='word_1_197' title='bbox 1346 3342 1417 3429; x_wconf 91' lang='lat' dir='ltr'><strong>qni-</strong></span> 
     </span>
     <span class='ocr_line' id='line_1_27' title="bbox 353 3446 1416 3544; baseline 0.006 -33"><span class='ocrx_word' id='word_1_198' title='bbox 353 3448 433 3513; x_wconf 85' lang='lat' dir='ltr'><strong>nerii</strong></span> <span class='ocrx_word' id='word_1_199' title='bbox 445 3461 476 3514; x_wconf 88' lang='lat' dir='ltr'><strong>et</strong></span> <span class='ocrx_word' id='word_1_200' title='bbox 493 3448 614 3515; x_wconf 89' lang='lat' dir='ltr'><strong>denarii</strong></span> <span class='ocrx_word' id='word_1_201' title='bbox 624 3447 754 3512; x_wconf 85' lang='lat' dir='ltr'><strong>luerunt</strong></span> <span class='ocrx_word' id='word_1_202' title='bbox 765 3447 797 3511; x_wconf 88' lang='lat' dir='ltr'><strong>in</strong></span> <span class='ocrx_word' id='word_1_203' title='bbox 810 3446 1020 3527; x_wconf 85' lang='lat' dir='ltr'><strong>commercio,</strong></span> <span class='ocrx_word' id='word_1_204' title='bbox 1044 3470 1145 3538; x_wconf 88' lang='lat' dir='ltr'><strong>quum</strong></span> <span class='ocrx_word' id='word_1_205' title='bbox 1164 3462 1256 3517; x_wconf 88' lang='lat' dir='ltr'><strong>ontea</strong></span> <span class='ocrx_word' id='word_1_206' title='bbox 1276 3454 1416 3544; x_wconf 77' lang='lat' dir='ltr'><strong>argentei</strong></span> 
     </span>
     <span class='ocr_line' id='line_1_28' title="bbox 353 3559 1416 3652; baseline 0.007 -26"><span class='ocrx_word' id='word_1_207' title='bbox 353 3561 505 3652; x_wconf 91' lang='lat' dir='ltr'><strong>aureique</strong></span> <span class='ocrx_word' id='word_1_208' title='bbox 526 3561 639 3627; x_wconf 87' lang='lat' dir='ltr'><strong>lateres</strong></span> <span class='ocrx_word' id='word_1_209' title='bbox 661 3572 785 3627; x_wconf 85' lang='lat' dir='ltr'><strong>tuntum</strong></span> <span class='ocrx_word' id='word_1_210' title='bbox 805 3559 1034 3628; x_wconf 85' lang='lat' dir='ltr'><strong>conflabantur.</strong></span> <span class='ocrx_word' id='word_1_211' title='bbox 1077 3560 1159 3645; x_wconf 78' lang='lat' dir='ltr'><strong>Quid</strong></span> <span class='ocrx_word' id='word_1_212' title='bbox 1183 3563 1342 3632; x_wconf 80' lang='lat' dir='ltr'><strong>valuerint</strong></span> <span class='ocrx_word' id='word_1_213' title='bbox 1368 3591 1416 3633; x_wconf 88' lang='lat' dir='ltr'><strong>ar·</strong></span> 
     </span>
     <span class='ocr_line' id='line_1_29' title="bbox 353 3673 1415 3768; baseline 0.006 -27"><span class='ocrx_word' id='word_1_214' title='bbox 353 3676 459 3765; x_wconf 75' lang='lat' dir='ltr'><strong>gentei</strong></span> <span class='ocrx_word' id='word_1_215' title='bbox 481 3676 531 3740; x_wconf 91' lang='lat' dir='ltr'><strong>illi</strong></span> <span class='ocrx_word' id='word_1_216' title='bbox 551 3674 674 3742; x_wconf 90' lang='lat' dir='ltr'><strong>nummi</strong></span> <span class='ocrx_word' id='word_1_217' title='bbox 696 3687 771 3739; x_wconf 90' lang='lat' dir='ltr'><strong>tune</strong></span> <span class='ocrx_word' id='word_1_218' title='bbox 791 3685 823 3739; x_wconf 89' lang='lat' dir='ltr'><strong>et</strong></span> <span class='ocrx_word' id='word_1_219' title='bbox 842 3673 1008 3765; x_wconf 89' lang='lat' dir='ltr'><strong>deinceps,</strong></span> <span class='ocrx_word' id='word_1_220' title='bbox 1031 3697 1118 3741; x_wconf 87' lang='lat' dir='ltr'><strong>nnnc</strong></span> <span class='ocrx_word' id='word_1_221' title='bbox 1135 3698 1199 3743; x_wconf 90' lang='lat' dir='ltr'><strong>nou</strong></span> <span class='ocrx_word' id='word_1_222' title='bbox 1220 3702 1415 3768; x_wconf 88' lang='lat' dir='ltr'><strong>percurram,</strong></span> 
     </span>
     <span class='ocr_line' id='line_1_30' title="bbox 353 3786 1136 3877; baseline 0.005 -25"><span class='ocrx_word' id='word_1_223' title='bbox 353 3800 493 3877; x_wconf 88' lang='lat' dir='ltr'><strong>praestat</strong></span> <span class='ocrx_word' id='word_1_224' title='bbox 517 3788 555 3854; x_wconf 87' lang='lat' dir='ltr'><strong>ad</strong></span> <span class='ocrx_word' id='word_1_225' title='bbox 581 3788 740 3854; x_wconf 84' lang='lat' dir='ltr'><strong>doctiores</strong></span> <span class='ocrx_word' id='word_1_226' title='bbox 764 3796 777 3834; x_wconf 75' lang='lat'><strong><em>⁶</em></strong></span> <span class='ocrx_word' id='word_1_227' title='bbox 802 3786 951 3877; x_wconf 78' lang='lat' dir='ltr'><strong>ablegare</strong></span> <span class='ocrx_word' id='word_1_228' title='bbox 974 3787 1136 3855; x_wconf 89' lang='lat' dir='ltr'><strong>lectorem.</strong></span> 
     </span>
    </p>
   </div>
   <div class='ocr_carea' id='block_1_3' title="bbox 343 4059 1422 4384">
    <p class='ocr_par' dir='ltr' id='par_1_7' title="bbox 343 4059 1422 4384">
     <span class='ocr_line' id='line_1_31' title="bbox 379 4059 1422 4131; baseline 0.008 -19"><span class='ocrx_word' id='word_1_229' title='bbox 379 4059 400 4126; x_wconf 84' lang='lat'><strong>¹)</strong></span> <span class='ocrx_word' id='word_1_230' title='bbox 417 4063 467 4113; x_wconf 87' lang='lat' dir='ltr'><strong>IV.</strong></span> <span class='ocrx_word' id='word_1_231' title='bbox 485 4068 509 4112; x_wconf 85' lang='grc'><strong>3.</strong></span> <span class='ocrx_word' id='word_1_232' title='bbox 529 4067 552 4112; x_wconf 89' lang='grc'><strong>9.</strong></span> <span class='ocrx_word' id='word_1_233' title='bbox 610 4059 631 4130; x_wconf 76' lang='lat'><strong>²)</strong></span> <span class='ocrx_word' id='word_1_234' title='bbox 649 4063 710 4113; x_wconf 85' lang='lat' dir='ltr'><strong>XX.</strong></span> <span class='ocrx_word' id='word_1_235' title='bbox 730 4069 755 4113; x_wconf 78' lang='lat'><strong>4.</strong></span> <span class='ocrx_word' id='word_1_236' title='bbox 825 4060 845 4130; x_wconf 65' lang='grc' dir='ltr'><strong>ὅ)</strong></span> <span class='ocrx_word' id='word_1_237' title='bbox 862 4063 953 4112; x_wconf 86' lang='lat' dir='ltr'><strong>Zoner.</strong></span> <span class='ocrx_word' id='word_1_238' title='bbox 970 4063 1047 4114; x_wconf 88' lang='lat' dir='ltr'>VIII.</span> <span class='ocrx_word' id='word_1_239' title='bbox 1068 4064 1091 4114; x_wconf 81' lang='grc'><strong>7.</strong></span> <span class='ocrx_word' id='word_1_240' title='bbox 1158 4060 1179 4127; x_wconf 80' lang='lat'><strong>⁴)</strong></span> <span class='ocrx_word' id='word_1_241' title='bbox 1195 4065 1252 4115; x_wconf 82' lang='lat' dir='ltr'><strong>Liv.</strong></span> <span class='ocrx_word' id='word_1_242' title='bbox 1273 4066 1340 4131; x_wconf 73' lang='lat' dir='ltr'><strong>Epic</strong></span> <span class='ocrx_word' id='word_1_243' title='bbox 1359 4065 1422 4126; x_wconf 72' lang='lat' dir='ltr'><strong>X&#39;Pr</strong></span> 
     </span>
     <span class='ocr_line' id='line_1_32' title="bbox 344 4145 1421 4213; baseline 0.006 -18"><span class='ocrx_word' id='word_1_244' title='bbox 344 4147 448 4210; x_wconf 73' lang='lat' dir='ltr'><strong>nutmp.</strong></span> <span class='ocrx_word' id='word_1_245' title='bbox 466 4148 503 4198; x_wconf 90' lang='lat'><strong>11.</strong></span> <span class='ocrx_word' id='word_1_246' title='bbox 525 4152 564 4198; x_wconf 83' lang='lat' dir='ltr'><strong>re.</strong></span> <span class='ocrx_word' id='word_1_247' title='bbox 632 4145 651 4212; x_wconf 70' lang='lat' dir='ltr'><strong>s,</strong></span> <span class='ocrx_word' id='word_1_248' title='bbox 668 4149 726 4199; x_wconf 75' lang='lat' dir='ltr'><strong>mv.</strong></span> <span class='ocrx_word' id='word_1_249' title='bbox 748 4148 816 4212; x_wconf 79' lang='lat' dir='ltr'><strong>nprt.</strong></span> <span class='ocrx_word' id='word_1_250' title='bbox 834 4147 901 4207; x_wconf 68' lang='lat' dir='ltr'><strong>xm</strong></span> <span class='ocrx_word' id='word_1_251' title='bbox 918 4149 988 4197; x_wconf 75' lang='lat' dir='ltr'><strong>Prin.</strong></span> <span class='ocrx_word' id='word_1_252' title='bbox 1012 4146 1048 4197; x_wconf 84' lang='grc' dir='ltr'><strong>Η.</strong></span> <span class='ocrx_word' id='word_1_253' title='bbox 1067 4146 1105 4198; x_wconf 87' lang='grc' dir='ltr'><strong>Ν.</strong></span> <span class='ocrx_word' id='word_1_254' title='bbox 1123 4148 1257 4200; x_wconf 78' lang='lat' dir='ltr'><strong>xxxin.</strong></span> <span class='ocrx_word' id='word_1_255' title='bbox 1279 4156 1310 4213; x_wconf 71' lang='lat'><strong>³3</strong></span> <span class='ocrx_word' id='word_1_256' title='bbox 1332 4152 1421 4204; x_wconf 68' lang='lat' dir='ltr'><strong>zone.</strong></span> 
     </span>
     <span class='ocr_line' id='line_1_33' title="bbox 344 4229 1420 4300; baseline 0.007 -19"><span class='ocrx_word' id='word_1_257' title='bbox 344 4232 421 4282; x_wconf 90' lang='lat' dir='ltr'>VIII.</span> <span class='ocrx_word' id='word_1_258' title='bbox 448 4234 471 4282; x_wconf 83' lang='lat'><strong>7.</strong></span> <span class='ocrx_word' id='word_1_259' title='bbox 544 4229 565 4299; x_wconf 71' lang='grc' dir='ltr'><strong>θ)</strong></span> <span class='ocrx_word' id='word_1_260' title='bbox 582 4233 688 4295; x_wconf 81' lang='lat' dir='ltr'><strong>Bo&#39;okh‚</strong></span> <span class='ocrx_word' id='word_1_261' title='bbox 705 4230 804 4282; x_wconf 83' lang='lat' dir='ltr'><strong>Metrol.</strong></span> <span class='ocrx_word' id='word_1_262' title='bbox 830 4230 926 4282; x_wconf 83' lang='lat' dir='ltr'><strong>Unters.</strong></span> <span class='ocrx_word' id='word_1_263' title='bbox 947 4235 1011 4292; x_wconf 79' lang='lat'><strong>447;</strong></span> <span class='ocrx_word' id='word_1_264' title='bbox 1033 4233 1194 4300; x_wconf 81' lang='lat' dir='ltr'><strong>Mnrqnerdt,</strong></span> <span class='ocrx_word' id='word_1_265' title='bbox 1224 4232 1295 4286; x_wconf 70' lang='lat' dir='ltr'><strong>Rom.</strong></span> <span class='ocrx_word' id='word_1_266' title='bbox 1319 4234 1420 4288; x_wconf 61' lang='lat' dir='ltr'><strong>Atreus</strong></span> 
     </span>
     <span class='ocr_line' id='line_1_34' title="bbox 343 4316 546 4384; baseline 0.01 -19"><span class='ocrx_word' id='word_1_267' title='bbox 343 4316 440 4366; x_wconf 87' lang='lat'><strong>111.11.</strong></span> <span class='ocrx_word' id='word_1_268' title='bbox 461 4321 475 4366; x_wconf 88' lang='grc'>9</span> <span class='ocrx_word' id='word_1_269' title='bbox 493 4332 546 4384; x_wconf 86' lang='lat' dir='ltr'><strong>sqq.</strong></span> 
     </span>
    </p>
   </div>
   <div class='ocr_carea' id='block_1_4' title="bbox 0 0 1583 5294">
    <p class='ocr_par' dir='ltr' id='par_1_8' title="bbox 0 0 1583 5294">
     <span class='ocr_line' id='line_1_35' title="bbox 0 0 1583 5294; baseline 0 0"><span class='ocrx_word' id='word_1_270' title='bbox 0 0 1583 5294; x_wconf 95' lang='lat' dir='ltr'><strong> </strong></span> 
     </span>
    </p>
   </div>
  </div>
 </body>
</html>
