3210 5300
522 414 544 497 §
568 414 614 476 ll.
636 433 744 477 consur
769 417 826 478 111.
847 415 915 477 539.
1198 422 1257 482 335

191 615 340 680 suffectus
368 624 415 678 est
443 611 556 678 consul
578 611 704 677 Fabius.
754 609 964 676 Consentiunt
982 609 1125 678 historici
1144 613 1204 679 hac
1223 615 1258 680 in

191 750 242 805 re,
275 713 335 792 nec
364 739 411 792 est
443 747 501 792 cur
530 723 695 792 Haalrhius
722 723 861 789 Zonarae
884 737 891 774 ¹
913 725 1050 814 imputet
1069 723 1258 794 Marcellum

192 841 275 907 male
305 840 405 907 Fabio
437 840 595 931 collegam
626 838 840 928 adscripsisse,
873 860 947 902 nam
973 837 1031 903 illo
1058 838 1128 905 loco
1153 863 1257 908 sermo

191 966 237 1020 est
260 953 300 1018 de
320 963 434 1042 quarto
458 952 626 1021 consulatu
649 947 866 1029 Cunctatoris,
890 972 985 1039 quem
1004 951 1099 1042 gessit
1124 975 1158 1018 re
1184 976 1257 1020 uera

192 1065 315 1155 collega
340 1064 501 1131 Marcello.

235 1177 338 1243 Multa
356 1174 564 1241 memoranda
579 1185 686 1240 noster
704 1196 770 1239 non
782 1172 892 1263 gessit,
913 1196 972 1239 nec
992 1174 1124 1256 mirum,
1144 1191 1257 1268 quarta

191 1292 249 1356 ista
272 1289 377 1355 clades
396 1289 489 1353 nimis
508 1287 660 1353 affecerat
677 1310 744 1353 rem
764 1286 956 1366 Romanam,
981 1299 1048 1353 tota
1063 1288 1155 1355 Italia
1174 1292 1259 1358 inse·

192 1403 255 1468 rior
284 1402 459 1480 defecerat,
492 1400 629 1466 redierat
651 1412 774 1488 tempus
800 1399 973 1465 cunctandi
996 1413 1029 1466 et
1048 1399 1260 1485 defendendi,

192 1528 224 1581 et
240 1516 284 1580 sic
301 1515 364 1581 hoc
382 1527 414 1581 et
431 1515 616 1604 praesertim
633 1513 778 1603 sequenti
797 1513 975 1580 annoralet
986 1513 1025 1579 de
1037 1514 1154 1596 Fabio,
1171 1518 1260 1607 quod

194 1627 364 1694 Valerius²
382 1628 464 1694 elate
481 1627 575 1692 nimis
589 1625 760 1704 exclamat,
778 1626 946 1715 imperium
961 1626 1142 1694 Romanurn
1161 1652 1262 1719 quum

193 1741 353 1810 Cannensi
378 1742 501 1832 proelio
527 1762 630 1830 paene
659 1738 854 1805 destructum
876 1750 959 1819 erat,
991 1739 1127 1806 Fabium
1146 1744 1262 1810 melius

192 1868 295 1922 ratum
326 1879 392 1922 esse
418 1854 561 1920 frustrari
592 1865 623 1918 et
652 1850 781 1918 eludere
810 1854 989 1918 Poenorum
1007 1853 1144 1943 impetus
1164 1879 1263 1945 quam

192 1991 322 2035 manum
353 1991 427 2034 curn
457 1967 506 2032 his
535 1988 701 2032 conserere
730 1965 779 2032 rel
805 1965 951 2053 plurimis
973 1966 1263 2037 conminationibus

194 2080 383 2147 Hannibalis
403 2081 573 2146 irritatum.

239 2194 429 2285 Religiosior
449 2193 596 2260 nonnihil
616 2193 765 2282 temporis
784 2192 905 2282 aliquid
923 2192 1009 2258 trivit
1029 2191 1203 2260 Cunctator
1228 2195 1262 2261 in

195 2306 346 2398 prodigiis
365 2307 589 2397 procurandis,
621 2330 702 2397 quae
732 2305 792 2370 alia
822 2328 916 2395 super
935 2306 995 2371 alia
1015 2307 1266 2388 nuntiabantur,

195 2433 226 2487 et
255 2419 340 2485 haud
370 2422 414 2486 ita
444 2421 538 2486 facilc
568 2421 653 2485 litari
681 2442 772 2509 posse
803 2418 983 2508 haruspices
1014 2419 1272 2491 contendebant„

196 2531 342 2621 Suscepit
362 2533 483 2622 copias,
508 2554 586 2622 quas
605 2531 702 2598 modo
729 2530 866 2595 dictator
895 2529 938 2594 M.
959 2528 1070 2595 lunius
1090 2528 1264 2611 habuerat3

197 2645 236 2712 ad
267 2644 357 2711 Cales
387 2647 422 2711 in
452 2645 622 2735 Campania
652 2668 704 2711 eas
733 2645 837 2710 tenuit
864 2644 898 2708 in
931 2645 1055 2723 castris,
1088 2668 1170 2735 quae
1199 2670 1264 2712 non

197 2757 339 2823 audebat
369 2781 495 2827 morere
524 2780 584 2825 nec
611 2758 804 2823 Vulturnum
834 2757 987 2823 traiicere.
1035 2757 1079 2825 Μ.
1112 2757 1266 2825 Claudius

196 2895 254 2960 pro
274 2872 404 2938 consule
425 2872 624 2962 praesidebat
642 2871 744 2938 Nolae
764 2893 837 2936 cum
858 2872 998 2937 exercitu
1016 2894 1109 2961 supra
1130 2871 1268 2939 Suessu-

199 2984 280 3064 lam,
313 2997 345 3050 et
375 2985 524 3051 Varronis
552 2985 724 3051 exercitum
757 2984 791 3049 in
822 2983 939 3049 Piceno
974 2984 1111 3074 suscepit
1140 2999 1267 3075 praetor
1358 3021 1360 3025 ¹

201 3098 353 3163 Valerius.
388 3098 506 3164 Fabius
525 3097 581 3188 qui
601 3096 832 3187 Campanorum
854 3097 981 3163 urbium
1001 3097 1077 3163 fidei
1095 3121 1159 3164 non
1180 3102 1268 3166 mul·

199 3222 268 3276 tum
303 3211 476 3291 tribuebat,
510 3235 548 3277 ex
577 3225 702 3276 senatus
732 3209 878 3276 consulto
906 3210 1005 3275 edixit
1029 3233 1087 3298 pro
1116 3210 1207 3278 hoste
1235 3235 1273 3279 se

199 3323 384 3389 habitururn
412 3346 498 3401 eam,
532 3321 587 3411 qui
615 3343 678 3385 non
707 3332 781 3386 ante
810 3320 960 3386 kalendas
985 3321 1088 3386 iunias
1115 3322 1148 3388 in
1173 3324 1273 3391 urbes·

199 3436 338 3501 munitas
355 3435 552 3501 frumentum
573 3435 784 3514 connexisset3
808 3432 965 3500 fecithoc
984 3435 1136 3524 prudenti
1154 3437 1267 3502 admo·

201 3549 279 3616 dum
303 3549 452 3629 consilio,
476 3572 516 3614 ne
541 3548 642 3638 copiis
666 3547 729 3613 suis
754 3547 952 3612 frumentum
976 3548 1107 3614 deesset.

248 3662 342 3727 Haud
362 3663 426 3728 scio
447 3685 486 3726 an
508 3673 594 3726 recte
621 3660 733 3727 fecerit
761 3658 935 3726 Cunctator
962 3659 1083 3726 tamdiu
1102 3661 1134 3726 in
1158 3663 1272 3729 castris·

201 3773 363 3865 degendo,
387 3788 419 3841 et
445 3775 559 3841 melius
589 3774 700 3863 opinor
720 3773 862 3861 collegae
885 3773 1088 3840 subvenisset.
1116 3773 1270 3866 Sempro·

201 3887 299 3952 nius³
318 3910 432 3979 nempe
448 3886 613 3952 insidiatus
628 3897 694 3950 erat
711 3882 879 3975 Campanis
895 3886 1013 3975 gentile
1029 3908 1151 3952 sacrum
1164 3888 1271 3978 quod·

200 3998 274 4065 darn
304 4000 434 4066 facturis
463 4001 501 4065 ad
533 4000 650 4065 Hamas
679 3997 763 4062 haud
794 4000 907 4088 procul
928 4024 946 4065 a
968 3999 1090 4079 Cumis,
1115 4000 1171 4066 ubi
1197 4000 1276 4092 plus-

200 4110 329 4176 duobns
349 4110 493 4176 millibus
512 4132 621 4175 eorum
638 4131 710 4174 cum
734 4107 815 4174 duce
837 4109 937 4197 Mario
959 4109 1044 4177 Alfio
1060 4112 1190 4192 cecidit;
1214 4115 1269 4181 sed

202 4222 320 4290 Cumas
341 4247 440 4314 quum
463 4247 494 4289 se
515 4234 678 4313 receperat
699 4222 739 4287 ab
763 4223 945 4290 Hannibale
967 4225 1109 4293 obsessus
1129 4241 1191 4309 est,
1217 4232 1276 4320 qui

232 4480 320 4549 ¹)1x.
339 4483 363 4531 4.
416 4477 438 4548 ²)
454 4482 506 4530 111.
526 4486 550 4532 a.
570 4487 593 4531 a.
647 4478 667 4548 ὅ)
685 4482 743 4534 nn.
761 4480 865 4533 xxm.
887 4487 1000 4535 ar-as,
