3210 5300
416 439 438 523 ς
461 441 509 504 15.
529 457 638 502 consue
660 443 695 504 V.
715 441 784 504 645.
805 441 827 524 ᾗ
849 442 897 504 16.
918 459 1026 505 soona.
1197 443 1257 505 347

197 678 201 689 ·
234 632 383 724 Denique
410 646 489 701 teste
512 633 666 703 Cicerone
688 648 698 688 ¹
721 659 815 704 senex
838 659 920 703 auno
938 659 1053 728 nempe
1073 649 1148 703 ante
1168 660 1256 703 mor·

189 760 255 815 tem
285 749 351 814 550
379 768 487 813 suasor
504 750 624 815 exstitit
644 749 722 840 lepis
743 747 893 829 Cinciae,
916 773 957 817 ne
975 750 1047 841 quis
1067 749 1109 815 ob
1129 772 1257 816 causam

191 858 342 927 orandam
362 861 533 949 pecuniam
558 861 720 929 donumve
747 864 924 953 acciperet,
948 886 1029 955 quae
1051 875 1117 930 tota
1138 885 1256 931 conre-

193 972 304 1040 uiebat
322 993 397 1037 cum
419 970 622 1041 Cunctatoris
641 975 781 1065 ingenio.

237 1084 317 1149 Prae
347 1084 458 1150 ceteris
487 1083 676 1166 bonoribus,
708 1087 825 1178 quibus
855 1087 1082 1155 Cunctatorem
1104 1099 1258 1154 ornarunt

190 1197 347 1276 Romani,
373 1220 491 1266 corona
514 1202 676 1290 graminea
698 1200 921 1268 donatusesse
941 1202 1078 1268 fertura
1100 1199 1204 1267 Gellio
1225 1212 1257 1279 ²,
1363 1284 1367 1289 Ι

192 1310 281 1401 quud
312 1311 426 1378 urbem
453 1313 632 1380 Romanam
660 1314 827 1381 obsidione
846 1313 986 1382 bostium
1004 1314 1182 1392 liberasset,
1207 1336 1257 1380 se·

190 1423 333 1491 cundum
353 1424 494 1493 Plinium
516 1437 546 1507 ⁸,
570 1427 658 1518 quod
679 1427 842 1494 Hannibal
862 1451 900 1494 ex
919 1427 1012 1493 ltalia
1033 1426 1147 1518 pulsus
1161 1438 1258 1505 esset,

192 1536 250 1628 qui
272 1536 391 1606 diserte
417 1539 521 1621 addit,
544 1541 662 1607 nonin
685 1541 842 1607 dictatura
861 1540 949 1608 bunc
967 1539 1122 1606 honorem
1142 1540 1172 1604 ei
1189 1562 1258 1607 esse

192 1651 367 1731 tributum,
399 1674 500 1743 quum
529 1654 602 1720 satis
634 1666 716 1721 esset
735 1678 818 1723 noro
837 1654 967 1721 nomine
986 1674 1059 1719 cum
1079 1674 1206 1732 ornare,
1226 1665 1260 1719 et

192 1765 255 1830 huc
282 1765 443 1856 peculiare
471 1765 501 1831 ci
529 1766 626 1834 fuisse
654 1766 741 1858 quod
770 1768 837 1833 sola
866 1792 884 1833 a
914 1778 981 1833 tuta
1004 1764 1097 1830 Italia
1117 1764 1190 1831 data
1210 1766 1262 1832 sit.

193 1874 346 1944 Senatum
367 1877 590 1969 populumque
608 1879 790 1946 Romanum
811 1880 894 1946 banc
913 1900 1062 1945 coronam
1081 1876 1182 1943 Fabio
1200 1876 1259 1943 de·

191 1988 293 2069 disse,
316 2003 459 2057 constare
479 1990 618 2070 ridetur,
643 1993 698 2059 sed
715 2015 808 2059 causa
825 2015 891 2058 non
906 1992 1025 2083 liquct;
1041 1991 1156 2056 falsum
1173 1990 1259 2056 enim

193 2114 241 2169 est
270 2103 358 2193 quod
389 2103 511 2169 Plinius
541 2104 685 2196 scripsit,
718 2105 877 2196 siqnidem
911 2105 1074 2170 llannibal
1100 2126 1138 2170 er
1165 2103 1259 2169 ltalia

192 2215 305 2306 pulsus
328 2216 428 2282 fuerit
452 2240 536 2282 anno
557 2221 641 2298 5523
663 2230 697 2283 at
717 2230 795 2284 tunc
817 2216 993 2284 Cunctator
1009 2217 1072 2282 iam
1093 2217 1177 2282 diem
1199 2217 1259 2280 ob·

192 2330 273 2395 ierat
300 2350 483 2418 supremum
511 2336 524 2374 ⁴
558 2352 642 2396 anno
668 2342 750 2397 ante.
796 2328 865 2396 Ne'c
900 2328 1044 2395 Gelliana
1079 2350 1172 2394 causa
1203 2349 1259 2392 re·

192 2440 333 2506 risimilis
363 2452 425 2520 est,
459 2443 611 2532 quoniam
642 2442 727 2509 idem
757 2442 814 2509 ille
843 2441 932 2507 addit
959 2463 1075 2507 corona
1098 2440 1259 2530 graminea

194 2555 259 2620 sire
286 2553 478 2621 obsidionali
505 2557 609 2621 ornari
632 2580 706 2623 eum
727 2556 785 2646 qui
806 2554 973 2622 obsidione
997 2554 1075 2619 alios
1095 2553 1258 2630 liberarit,

195 2689 331 2757 eamque
348 2668 418 2734 lieri
440 2670 566 2735 solitam
588 2693 606 2736 e
625 2670 767 2761 gramine
787 2668 875 2761 quod
893 2669 926 2734 in
946 2669 1018 2733 loco
1035 2666 1163 2732 obsesso
1179 2678 1259 2731 esset

194 2794 396 2868 generatum,
411 2782 648 2874 binc'lseq'uitnr
664 2782 826 2849 Romanos
837 2804 875 2848 se
891 2781 1031 2847 obsessos
1047 2777 1260 2858 fuissefateri,

195 2892 281 2981 quod
293 2907 391 2984 prout
402 2919 461 2986 ego
475 2897 540 2962 scio
552 2916 617 2961 nou
634 2895 720 2962 cadit
733 2896 767 2960 in
778 2896 929 2975 Romam3
945 2906 1053 2961 manet
1068 2893 1164 2983 igitur
1173 2891 1260 2957 diffi-

194 3004 312 3084 cultas,
328 3006 378 3073 rel
390 3007 415 3072 si
426 3006 521 3073 Plinii
539 3029 678 3073 errorem
694 3006 734 3073 de
746 3019 882 3073 causa‘et
899 3019 1043 3098 tempora
1059 3004 1258 3071 concesseris.

564 3192 581 3274 §
610 3194 659 3256 16.
705 3189 826 3280 Augur
841 3201 866 3254 ⁵.

237 3341 364 3408 Praeter
390 3344 612 3435 pontificatum
643 3343 682 3408 ad
708 3355 845 3409 mortem
870 3364 970 3433 usque
989 3340 1107 3406 Fabius
1126 3340 1256 3405 functus

195 3467 244 3520 est
275 3455 375 3521 altero
404 3457 581 3522 sacerdotio
612 3470 783 3548 auguratus
807 3478 941 3547 nempe,
972 3455 1181 3550 oniscollegio
1203 3476 1262 3543 per

197 3572 240 3634 62
269 3591 368 3636 annos
395 3568 575 3636 interfuisse
604 3570 715 3637 lertur.
772 3569 863 3635 Lirio
892 3568 972 3634 haec
1002 3568 1087 3633 fama
1114 3578 1261 3657 suspecta

197 3679 382 3760 ridebatur,
409 3680 531 3748 Plinius
556 3694 667 3769 contpa
694 3695 858 3773 procerte
879 3682 942 3748 hoc
959 3683 1066 3772 posuit
1084 3682 1167 3746 inter
1184 3703 1263 3770 pro·

196 3804 305 3865 rectae
334 3793 444 3860 aetatis
473 3795 632 3886 exempla,
667 3795 732 3858 imo
759 3794 903 3860 Valerius
931 3817 1023 3860 ausus
1047 3805 1094 3859 est
1122 3791 1261 3859 scribere

197 3905 409 3972 Verrucosum
431 3918 575 3972 uestrum
590 3905 719 3972 robusta
734 3916 837 3971 aetate
853 3904 917 3971 hoc
934 3904 1145 3971 sacerdotium
1161 3906 1261 3997 adep-

197 4030 267 4111 tum
291 4042 368 4086 esse.
414 4018 468 4085 Sic
491 4020 575 4086 lama
599 4019 712 4085 crescit
731 4041 796 4084 non
816 4030 942 4084 tautum
961 4017 1015 4084 sed
1038 4018 1185 4085 firmatur
1202 4022 1264 4085 eti-

196 4133 274 4199 amsi
294 4133 341 4198 nil
360 4131 486 4214 falsius,
507 4145 544 4198 ut
562 4134 658 4223 ipsius
680 4132 797 4199 Valerii
813 4131 1030 4198 observatione
1049 4130 1259 4200 demonstrari

195 4334 246 4403 .¹)
267 4334 450 4404 massora.
502 4335 524 4406 ²)
541 4341 589 4390 VI.
611 4344 622 4388 1
643 4340 656 4405 a
676 4345 715 4390 10.
768 4335 788 4406 ³)
807 4333 896 4389 ΕΝ.
915 4336 1005 4388 XXII.
1026 4342 1049 4388 5.
1110 4334 1265 4405 before

188 4422 265 4473 huius
287 4423 395 4488 Capitis,
413 4438 438 4489 p.
453 4428 512 4475 349·-
565 4419 585 4491 ⁶)
603 4424 660 4478 Lir.
678 4424 768 4477 XXX.
793 4427 840 4484 265
858 4422 925 4475 Plin.
948 4419 984 4474 Η.
1003 4418 1040 4474 Ν.
1059 4423 1121 4475 VII.
1141 4429 1173 4474 48
1180 4446 1188 4486 t
1206 4423 1265 4477 Vel.

187 4507 262 4559 Max·
280 4509 358 4561 VIII»
379 4512 418 4559 ld.
437 4514 461 4559 3.
