3212 5294
581 463 755 510 rnrsasnrs
777 466 934 512 tunsurus.
1230 451 1289 514 189

222 637 357 719 babent,
389 660 426 706 ex
454 639 566 707 eodem
597 641 729 708 fortasse
759 642 847 709 fonte
873 644 965 709 llurit
990 645 1109 710 mentio
1130 647 1285 735 pecuniae

223 776 378 832 summae,
395 777 490 844 quam
508 755 679 846 quotannis
693 754 741 824 bis
756 756 840 822 ludis
854 756 1063 847 impendebat
1090 758 1284 849 respublica,

222 872 287 933 500
317 867 418 934 minas
448 869 512 934 sire
541 874 562 936 8
593 869 712 935 talenta
741 881 773 935 et
803 870 889 961 quod
915 870 1067 949 excurrit,
1092 869 1124 935 id
1150 884 1197 937 est
1217 873 1283 939 833

221 979 330 1068 pondo
352 981 482 1070 arpenti.

221 1203 274 1271 N⁰.
309 1205 455 1273 XXVlll.
502 1207 597 1299 Apud
623 1207 758 1274 [labium
785 1208 879 1298 louge
898 1208 1153 1299 antiquissimum
1171 1220 1282 1275 aucto·

309 1343 392 1400 rem,
416 1320 577 1411 usquead
605 1333 800 1387 senectutem
830 1321 941 1387 risisse
964 1320 1102 1387 eundem
1124 1319 1282 1406 (Coriola-

309 1436 401 1523 num)
426 1434 563 1500 invenio.
610 1434 720 1500 Refert
748 1446 834 1500 certe
859 1433 943 1500 banc
963 1457 1056 1524 saepe
1076 1457 1150 1501 cum
1173 1447 1282 1501 exacta

308 1556 411 1611 aetate
439 1568 603 1637 usurpasse
632 1569 755 1614 rocem:
792 1547 924 1613 »multo
953 1547 1097 1614 miserius
1130 1549 1196 1614 seni
1227 1571 1282 1614 cr·

307 1657 414 1723 silium
439 1681 506 1724 csse
528 1671 551 1726 ¹.

263 1769 349 1834 Haec
368 1783 413 1835 est
439 1793 514 1861 ergo
533 1771 750 1862 antiquissima
771 1772 855 1838 lama
881 1770 1088 1840 Coriolanum
1109 1772 1149 1838 ad
1170 1797 1280 1841 senec·

218 1893 316 1949 tutem
336 1883 462 1962 risisse,
481 1896 516 1949 ut
527 1883 587 1950 Dio
599 1883 746 1950 Cassius²
769 1907 898 1976 quoque
916 1886 1039 1977 scripsit
1049 1886 1190 1967 Livium,
1209 1891 1280 1980 opi·

216 2019 283 2075 nor,
311 2010 452 2076 secutus,
484 1998 690 2087 Dionysius³
718 2011 829 2064 contra
853 1998 949 2064 tradit
974 2023 1047 2066 eum
1076 2000 1196 2068 Urbem
1229 2002 1281 2067 in·

216 2133 353 2199 gressum
390 2111 449 2176 sub
481 2110 568 2176 iratis
598 2111 748 2178 cecidisse
776 2112 948 2191 militibus,
982 2112 1069 2202 quod
1098 2137 1136 2179 cx
1167 2115 1281 2181 Pisone

216 2224 346 2292 sortasse
378 2221 482 2289 habet.
540 2222 709 2306 Quomodo
738 2236 843 2291 autem
874 2224 959 2289 sama
988 2226 1088 2291 exsilii
1112 2224 1281 2294 cohaereat

214 2360 287 2403 cum
315 2338 412 2402 altera
439 2336 493 2402 illa
515 2336 554 2401 de
575 2337 727 2403 matronis
752 2336 956 2403 Coriolanum
977 2337 1106 2429 publice
1137 2338 1278 2429 lugenti·

214 2448 290 2528 bus,
323 2447 467 2513 nondum
499 2447 607 2537 capio;
640 2470 700 2514 nec
727 2472 801 2515 sero
826 2448 950 2515 luctum
976 2448 1069 2516 illum
1092 2452 1279 2541 spreverim,

212 2585 287 2627 nam
314 2572 438 2626 constat
469 2559 675 2627 Coriolanum
700 2561 735 2625 iu
754 2585 870 2651 magno
890 2561 1012 2629 honore
1033 2563 1118 2652 apud
1137 2542 1278 2654 posteros

212 2675 322 2753 fuisse,
346 2674 436 2765 atqui
459 2674 597 2740 multum
618 2674 668 2739 illi
687 2673 879 2742 debuerunt.
928 2675 1008 2741 Tum
1029 2676 1188 2743 verissime
1208 2701 1278 2744 orn·

213 2789 289 2856 nino
310 2790 455 2855 observat
475 2787 607 2854 Lewis⁴
630 2787 750 2855 famam
769 2789 870 2855 exsilii
889 2789 1059 2854 convenire
1079 2790 1112 2855 in
1133 2788 1279 2858 Coriola-

213 2923 291 2966 num
320 2900 442 2991 patriae
471 2899 591 2965 bellum
613 2900 820 2979 inferentem,
850 2902 941 2991 atqui
958 2902 1145 2992 perdurasse
1169 2904 1278 2972 odium

213 3014 279 3079 eius
304 3037 377 3103 erga
397 3012 494 3092 circs,
520 3035 630 3078 rerum
649 3026 728 3078 tunc
747 3014 864 3080 iterum
890 3015 1008 3081 Volscis
1029 3015 1092 3081 dus
1111 3018 1278 3084 exstitisset

213 3139 324 3192 contra
340 3125 491 3204 Romam,
513 3138 567 3190 aut
583 3125 720 3192 Romani
739 3127 805 3191 eius
822 3127 1016 3194 deditionem
1043 3131 1260 3219 poposcissent
1269 3159 1279 3211 3

212 3240 259 3304 sin
281 3251 392 3305 contra
412 3261 485 3304 cum
505 3237 658 3304 Romanis
678 3240 900 3306 reconciliatus
920 3254 1018 3320 esset,
1043 3242 1178 3308 Romam
1203 3244 1277 3310 red-

211 3352 297 3419 iisset
325 3376 391 3417 non
420 3363 567 3443 expertus
599 3352 665 3416 seni
699 3352 843 3418 exsilium
884 3354 1026 3419 miserius
1059 3377 1135 3421 esse.
1194 3355 1278 3439 Quas

214 3465 255 3530 ob
291 3487 399 3530 causas
431 3463 604 3530 Fabianam
636 3464 754 3531 famam
784 3465 927 3531 nondum
961 3480 995 3531 ut
1024 3466 1276 3535 verisimiliorem

212 3578 376 3669 accipiam.

210 3802 266 3872 N0.
302 3803 417 3871 XXIX.
466 3805 1003 3896 (Q.FabiusMaximusRullianus)
1023 3806 1171 3896 magister
1183 3808 1276 3897 equi·

303 3931 387 3997 tum,
417 3931 452 3984 ut
476 3943 512 3985 es
540 3931 627 3985 tanta
655 3919 752 3985 caede
780 3919 891 3984 multis
909 3919 1029 4007 potitus
1050 3920 1174 4010 spoliis,
1198 3942 1276 3985 con·

304 4044 390 4120 gesta
408 4031 440 4096 in
461 4031 621 4121 ingentem
644 4054 790 4100 acervum
810 4030 936 4098 hostilia
953 4056 1038 4098 arma
1058 4033 1187 4098 subdito
1204 4034 1278 4123 igne

305 4144 532 4225 concremavit,
568 4168 623 4211 seu
661 4158 768 4212 sotum
799 4146 832 4212 id
862 4145 994 4211 deorum
1026 4148 1163 4238 cuipiam
1199 4147 1278 4226 luit,

302 4281 355 4322 seu
386 4258 514 4324 credere
544 4257 624 4323 libet
654 4259 754 4325 Fabio
783 4260 906 4324 auctori
934 4283 972 4325 eo
996 4259 1116 4325 lactum
1142 4283 1182 4327 ue
1202 4283 1277 4326 suae

242 4503 260 4574 ¹)
278 4507 333 4558 Liv.
351 4509 387 4558 11.
406 4515 448 4560 40.
503 4505 772 4575 ²tZonar.vl1.1t.
825 4504 1001 4576 ⁵tV111.sa.
1054 4506 1206 4577 4)11.122.
