3190 5304
292 411 352 474 438
575 429 677 483 ricta,
699 427 777 471 oxon
798 430 824 477 n.
847 428 937 473 ovrotr
959 428 1087 473 nasonis.

348 606 432 692 Quas
453 606 495 673 ob
521 629 628 675 causas
658 607 720 673 iam
742 605 868 696 Lipsius
890 619 900 659 ¹
929 604 1014 673 haud
1035 605 1152 671 iniuria
1171 603 1253 671 milri
1272 603 1370 670 dobi-

301 733 382 787 tasse
413 720 553 798 ridetur,
577 745 618 786 an
644 744 681 787 er
710 721 828 789 Marcia
848 720 931 787 forte
951 719 1047 789 domo
1071 718 1178 786 Ovidii
1197 742 1277 784 uror
1298 732 1370 786 nata

303 846 401 913 esset,
426 856 522 923 qoam
543 834 789 925 explicationem
808 856 906 901 noros
923 833 1007 901 sinit.
1041 831 1160 898 Contra
1177 831 1368 899 Μααεοααα2

307 947 473 1035 opinatur,
490 948 544 1014 sed
566 961 601 1013 ut
622 971 693 1015 rere
714 947 817 1013 dicam
838 946 931 1014 nullo
951 946 1048 1011 alleto
1069 958 1257 1036 argumento
1275 958 1372 1037 atque

303 1061 449 1131 nondum
473 1063 599 1131 sublata
619 1062 826 1140 difficultate3
849 1082 909 1127 nec
929 1060 1022 1125 aliter
1042 1059 1227 1150 quicunque
1249 1057 1289 1124 de
1310 1058 1371 1124 hac

302 1173 439 1240 Nasonis
468 1197 564 1240 uxore
591 1175 732 1264 egerint,
766 1174 823 1265 qui
853 1173 997 1240 nondum
1016 1173 1157 1238 insuam
1178 1173 1372 1238 sententiam

303 1310 356 1354 me
385 1286 607 1369 detraxerunt,
632 1311 705 1355 nam
731 1311 798 1354 rem
820 1311 885 1352 non
905 1286 1036 1353 conticit
1066 1286 1152 1377 quod
1185 1286 1321 1352 afferant
1342 1294 1371 1348 t:

395 1401 497 1468 »Hoc
521 1401 632 1467 domui
655 1401 768 1481 debes,
792 1399 833 1466 de
856 1423 919 1491 qua
943 1398 1099 1479 censeris,
1124 1411 1159 1464 ut
1183 1398 1273 1464 illam

444 1512 548 1580 »Non
573 1514 672 1604 magis
697 1513 826 1592 officiis,
851 1535 946 1603 quam
970 1512 1146 1601 probitate,
1170 1510 1266 1578 colae.

398 1624 553 1691 ›sliuncta
576 1626 653 1692 licet
677 1627 793 1707 facias,
817 1625 877 1691 nisi
902 1626 941 1690 sis
965 1625 1152 1704 laudabilis,
1176 1647 1269 1703 uxor,

442 1737 545 1805 »Non
569 1740 688 1830 poterit
712 1739 800 1805 credi
823 1738 941 1804 Marcia
967 1739 1054 1805 culta
1078 1737 1167 1805 tibi.''

352 1847 398 1915 Ut
425 1872 498 1916 rere
528 1849 632 1917 dicam
663 1851 857 1941 perobscura
886 1861 934 1915 est
962 1861 1069 1915 nostra
1097 1849 1137 1915 de
1160 1849 1296 1919 muliere
1316 1849 1376 1919 ista

306 1962 440 2042 notitia,
475 1974 507 2030 et
536 1965 600 2030 iam
630 1964 725 2054 plora
753 1956 951 2053 collegerunt
981 1964 1041 2029 riri
1068 1963 1156 2029 docti
1192 1986 1231 2028 ex
1266 1963 1377 2053 paucis

305 2073 372 2140 istis
394 2076 492 2156 locis,
516 2076 602 2142 unde
620 2077 736 2143 scimus
753 2089 877 2143 tantum
895 2100 965 2145 eam
982 2075 1118 2167 Virgilio
1139 2076 1265 2142 tfoisse
1283 2099 1377 2142 »non

307 2187 473 2269 alienam”,
492 2189 586 2280 eique
602 2189 724 2254 Rufum
743 2189 936 2256 Fundanum
949 2203 961 2238 ⁵
974 2211 1042 2255 esse
1057 2187 1175 2279 »quod
1191 2188 1378 2259 Hermiones

308 2297 420 2367 Castor
448 2302 526 2380 fuit,
558 2301 679 2368 Hector
705 2300 840 2381 tott’gi.
862 2302 1118 2379 carunculam,
1143 2323 1269 2368 necnon
1293 2302 1378 2369 Mar·

307 2413 389 2479 ciam
410 2421 423 2460 ⁰
445 2414 496 2480 illi
514 2415 654 2479 amicitia
674 2415 881 2481 coniunctam
901 2414 1017 2492 fuisse,
1041 2437 1116 2480 narn

354 2526 476 2593 »Hanc
499 2528 630 2617 probat,
653 2539 685 2593 et
709 2528 814 2618 primo
839 2526 989 2593 dilectam
1014 2550 1139 2617 semper
1162 2528 1203 2594 ab
1226 2552 1304 2597 aeto

402 2641 488 2707 »Est
513 2640 597 2707 inter
622 2641 754 2706 comites
778 2639 898 2709 Marcia
921 2662 1012 2705 censa
1038 2663 1119 2709 snas.

354 2751 489 2843 »Inque
512 2755 575 2819 suis
600 2751 712 2821 hahuit
735 2765 906 2819 matertera
932 2751 1073 2819 Caesaris
1096 2756 1207 2833 ante,”

307 2863 396 2931 arsia
432 2885 566 2954 nempe,
606 2886 741 2952 quarum
777 2863 976 2930 consuetudo
1005 2865 1235 2956 aliquantisper
1274 2865 1378 2933 innuit

308 2976 513 3056 affinitatem,
529 2976 584 3041 scd
603 2975 741 3042 libenter
756 2977 899 3043 concedo
915 3000 982 3043 rem
995 2975 1100 3043 adhuc
1112 2978 1172 3043 sub
1185 2978 1292 3045 iudice
1304 3002 1378 3045 esse.
1435 3054 1439 3059 ,

353 3088 499 3178 Denique
519 3100 605 3155 recte
626 3087 707 3155 mihi
729 3088 854 3155 videtur
875 3087 1127 3154 demonstratum
1148 3112 1215 3155 esse
1235 3099 1248 3137 ⁷
1274 3087 1380 3157 Ovidii

308 3201 410 3271 filiam
431 3210 461 3281 ⁸,
485 3225 567 3292 quae
588 3201 682 3282 nbis,
701 3202 756 3268 sed
780 3226 845 3267 non
864 3225 901 3268 er
922 3225 987 3267 uno
1008 3202 1144 3292 coniuge
1164 3203 1243 3270 lecit
1263 3205 1377 3271 atum”

308 3313 489 3397 Nasonem,
520 3339 557 3385 ex
582 3316 692 3406 primis
719 3317 767 3383 sel
793 3315 940 3382 secundis
960 3316 1079 3406 nuptiis
1101 3339 1166 3382 esse
1185 3329 1294 3383 natam
1313 3340 1379 3383 non

308 3452 381 3495 vero
411 3452 448 3495 er
477 3430 568 3495 tertia
594 3430 692 3496 Fabia
715 3430 855 3509 scilicet,
880 3453 977 3520 quam
1002 3430 1044 3495 ob
1064 3452 1191 3498 causam
1210 3431 1304 3501 mista
1321 3429 1377 3495 illa

311 3541 364 3609 hic
385 3542 514 3609 tandem
534 3542 727 3609 subsistendi
753 3544 842 3609 locus
868 3555 926 3609 est.

340 3763 361 3831 ¹)
379 3762 424 3813 Aa
440 3762 499 3814 Tac.
515 3761 587 3814 A.1.
603 3769 627 3814 3.
680 3759 700 3828 ²)
723 3759 783 3811 Vita
801 3760 868 3812 Ooiol.
884 3768 926 3813 61.
978 3761 999 3829 5)
1018 3761 1061 3815 Ex
1074 3763 1220 3815 PontoIII.
1238 3771 1260 3814 t.
1279 3767 1392 3821 75-78.

306 3848 650 3914 ⁴)ExP0n2011.1o.1o.
703 3844 723 3910 ⁵)
742 3846 785 3896 Ex
799 3846 1031 3899 PontoII.lt.l5.
1083 3847 1390 3917 ⁶)Exponr01.a.1ae.

305 3934 326 4002 ⁷)
345 3938 378 3989 V.
389 3937 479 3997 Locro,
489 3934 518 3986 de
530 3933 598 3986 olid,
606 3932 703 3998 filiola
712 3929 798 3984 Rten.
809 3930 877 3985 Mas.
886 3935 909 3985 1.
922 3939 1065 3986 tes-134.
1101 3934 1123 4003 8)
1144 3933 1220 3986 Trist.
1232 3937 1282 3990 tv.
1296 3941 1335 3988 to.
1347 3941 1390 3989 76.
