3212 5294
564 461 743 505 rasennam
764 461 924 506 snnnttnn.
1227 446 1285 507 195

203 661 284 732 qnos
301 638 418 730 singuli
435 639 547 731 populi
565 639 823 732 suppeditarunt,
839 662 904 707 non
920 662 1048 730 possum
1070 637 1200 708 credere
1221 662 1276 707 eos

202 753 242 820 de
262 776 321 819 suo
341 754 468 819 finxisse
498 752 700 833 historicum,
725 776 823 845 quem
849 753 992 845 suspicor
1016 752 1074 819 illa
1101 752 1208 819 omnia
1236 775 1274 818 ex

202 867 320 933 tabulis
354 879 558 958 quaestorum
588 866 638 933 rel
666 867 799 957 publico
828 877 1039 934 monumento
1072 866 1179 934 nescio
1209 888 1274 957 quo

201 979 411 1072 descripsisse.
1367 960 1371 969 .

201 1204 256 1275 oo.
290 1205 454 1275 snxvn.
501 1206 611 1273 raas
629 1218 661 1272 a
680 1184 800 1274 rasin
819 1206 927 1273 Pteros
946 1207 979 1272 a
1002 1206 1171 1272 annanias
1192 1204 1271 1283 sun,

292 1342 393 1410 quum
414 1320 614 1388 obsideretur
631 1320 826 1411 praesidium
846 1321 1027 1387 Romanum
1046 1343 1065 1385 a
1081 1317 1270 1410 Ligustinis,

291 1432 498 1501 hirundinem
517 1459 535 1500 a
553 1434 652 1525 pullis
674 1433 714 1499 ad
741 1455 774 1500 se
802 1434 947 1512 allatam,
971 1445 1007 1498 ut
1024 1433 1092 1500 lino
1110 1432 1151 1498 ad
1171 1431 1270 1523 pedes

290 1546 358 1611 eius
378 1545 507 1637 alligato
526 1545 618 1611 nodis
639 1545 849 1636 significaret,
880 1555 979 1636 quoto
1007 1544 1061 1611 die
1080 1544 1270 1610 adveniente

291 1656 409 1722 auxilio
433 1657 560 1746 eruptio
582 1657 652 1721 lieri
676 1656 809 1722 deberet
834 1671 857 1723 ¹.

243 1765 342 1833 Miror
371 1767 540 1835 Krausium
577 1769 738 1836 dubitasse
764 1768 805 1835 de
826 1768 921 1836 huius
941 1769 1006 1836 loci
1026 1781 1171 1848 auctore,
1194 1792 1270 1836 nam

200 1879 355 1947 uocabula
390 1881 458 1946 uad
486 1905 518 1947 se
540 1881 690 1949 allatam”
719 1881 837 1948 docent
860 1883 1020 1949 Pictorem
1048 1882 1141 1949 illum
1170 1881 1270 1947 inter·

203 1994 296 2061 fuisse
317 1995 404 2061 hello
421 1995 474 2062 isti
493 1996 679 2087 Ligustin03
702 2008 825 2062 constat
845 1996 1000 2080 Quintum
1019 2007 1163 2062 nostrum
1183 1994 1270 2062 bello

201 2105 323 2173 Gallico
351 2106 515 2200 Cisalpine
543 2111 619 2175 anni
647 2112 711 2176 529
739 2108 936 2188 interfuisse,
961 2130 1101 2200 quocum
1120 2107 1270 2175 cohaeret

199 2218 276 2286 haec
306 2220 405 2301 fama,
433 2223 557 2313 opinor.
594 2222 714 2288 Verum
735 2222 873 2288 Romani
894 2222 935 2286 ab
953 2244 1037 2286 anno
1058 2225 1120 2288 521
1144 2221 1266 2289 1111531

197 2346 306 2399 contra
326 2332 458 2424 Ligures
481 2337 606 2427 saepius
626 2335 748 2401 bellum
767 2347 944 2424 gesserunt,
979 2334 1050 2400 fieri
1074 2346 1180 2426 potest
1206 2335 1268 2425 igi·

198 2458 250 2512 tur
274 2458 310 2511 ut
331 2447 390 2515 suh
418 2448 516 2514 Furio
546 2471 631 2514 anno
661 2452 723 2515 531
750 2447 852 2538 copiis
869 2446 1061 2539 quibusdam
1081 2447 1269 2538 praefuerit,

199 2559 293 2625 titulo
310 2561 422 2633 ‚nescio
443 2584 515 2650 quo.

197 2783 251 2853 ΝΟ.
288 2785 468 2852 XXXVIII.
516 2786 636 2865 Φάβιος
661 2786 692 2850 δέ
714 2785 843 2869 &notai
865 2788 1037 2865 Ῥωμαϊκὸς
1059 2786 1268 2870 συγγραφεὺς

287 2897 360 2979 ἅμα
391 2902 433 2981 τῷ
458 2899 543 2965 κατὰ
567 2898 779 2972 Zososdotlous
804 2934 849 2949 --
878 2899 1030 2964 ostentat
1056 2899 1269 2978 1111ςά11111-

287 3012 485 3091 γνώσκοντας
506 3012 566 3083 τὰς
590 3009 777 3090 δοκιμασίας
794 3020 820 3076 ².

239 3122 408 3190 Invehitur
429 3123 581 3212 Polybius
600 3122 663 3189 hoe
680 3122 752 3189 loco
764 3123 797 3188 in
807 3123 833 3188 F
834 3122 943 3189 abium
955 3123 1053 3212 paulo
1064 3122 1184 3203 acrius,
1207 3146 1268 3191 nec

197 3234 328 3314 iniuria,
355 3249 555 3327 perspectum
578 3237 663 3302 eninr
683 3235 838 3314 habebat,
863 3237 993 3326 quinam
1016 3237 1112 3326 primi
1132 3236 1266 3303 iniuriae

196 3349 387 3415 exstitissent
398 3362 557 3428 auctores,
575 3361 607 3414 et
624 3361 770 3415 accurate
790 3349 907 3415 refellit
919 3348 1051 3414 Pictoris
1070 3349 1265 3439 opinionem.

196 3463 322 3529 Ernesti
358 3476 464 3529 autem
500 3464 615 3529 frustra
650 3473 782 3528 conatus
817 3472 864 3528 est
901 3461 1072 3528 defendere
1107 3474 1266 3540 nostrum,

196 3577 317 3667 quippe
337 3576 394 3666 qui
411 3576 538 3665 Polybii
557 3588 743 3666 argumenta
763 3598 828 3641 non
846 3576 974 3654 evertit,
991 3597 1073 3666 quae
1090 3598 1266 3665 neaggres·

195 3711 245 3754 sus
274 3701 322 3755 est
352 3689 501 3779 quidem,
535 3691 595 3755 alia
627 3691 758 3755 afferens
787 3688 827 3754 de
858 3688 988 3768 Poenis,
1012 3687 1211 3753 Hasdrubale
1232 3700 1264 3754 et

195 3801 393 3881 Hannibale,
423 3827 496 3893 qua·
513 3803 546 3868 in
567 3826 600 3869 rc
621 3803 745 3868 diversa
764 3803 893 3867 miscuit
913 3824 977 3866 non
998 3801 1070 3866 satis
1098 3799 1264 3891 Carthagi-

194 3915 352 3980 niensium
375 3916 605 4006 rempublicam
629 3927 828 4006 perspectam
849 3914 985 3993 habens,
1019 3927 1054 3979 111
1084 3914 1265 3980 luculenter

193 4027 296 4095 Lucas
317 4026 396 4092 mihi
416 4028 647 4095 demonstrasse
665 4027 799 4094 ridetur.
846 4026 953 4091 Docet
968 4024 1085 4092 deinde
1102 4025 1156 4091 hic
1172 4026 1263 4093 loeus

193 4141 328 4207 Fabium
358 4153 534 4207 senatorem
568 4142 680 4221 fuisse,
714 4140 802 4231 quod
823 4139 1009 4229 ceteroquin
1028 4162 1065 4205 er
1095 4163 1149 4220 eo,
1174 4141 1261 4232 quod

194 4254 317 4345 legatus
341 4254 452 4335 fuerit,
476 4254 657 4321 conficitur.

441 4414 443 4417 “
491 4412 968 4427 Μ

223 4513 242 4581 1)
259 4515 326 4566 aaa
346 4510 382 4565 n.
399 4509 436 4565 11.
455 4512 489 4564 x.
510 4518 552 4564 ss.
656 4511 676 4581 ²)
694 4511 783 4579 Polyb.
801 4512 853 4565 111.
873 4517 887 4564 s
907 4518 932 4564 a
950 4517 965 4562 s
985 4514 1000 4578 s
1021 4516 1095 4563 1-5.

1098 4598 1138 4660 13
1153 4598 1167 4629 ’
