3212 5294
562 399 584 484 §
605 403 633 465 8.
654 418 765 465 eousur.
787 403 828 466 ll.
849 401 919 464 444.
1220 402 1281 465 249

212 593 259 684 git
280 594 490 685 quaellabius
507 595 654 686 quintum
676 596 786 662 consul
806 597 840 661 in
852 595 977 663 Etruria
989 597 1092 687 gessit.
1128 596 1281 688 Specula-

212 718 297 774 tores
317 708 448 799 quinam
469 709 588 774 fuerint
608 708 735 774 dubitat
756 708 883 787 Livius,
907 709 961 774 alii
983 709 1123 777 consulis
1148 710 1280 777 fratrem

211 819 254 891 Μ.
277 819 431 899 Ilabium,
455 820 631 887 Kaesonem
662 821 717 887 alii
737 835 746 873 ¹
769 821 956 901 tradebant,
974 820 1104 913 quidam
1126 820 1163 889 C.
1180 820 1279 889 Clau·

213 931 301 1000 dium
322 945 423 1000 matre
441 934 553 1001 eadem
572 957 635 1026 qua
656 934 767 1001 consul
784 936 910 1025 genitus
925 948 1013 1014 erat;
1029 957 1066 1002 ex
1081 934 1130 1001 his
1148 935 1280 1002 incertis

212 1044 338 1115 indiciis
357 1046 404 1112 nil
425 1046 513 1113 aliud
531 1048 683 1138 equidem
703 1048 861 1114 conficere
880 1048 999 1129 audeo,
1018 1070 1114 1138 quam
1128 1045 1281 1113 Bellieno

215 1159 345 1225 fratrem
375 1160 472 1226 luisse
502 1160 644 1227 Marcum
678 1162 769 1251 (ts),
803 1160 942 1229 eundem
971 1159 1068 1228 oredo
1094 1161 1282 1250 magistrum

214 1271 359 1361 equitum
381 1266 462 1352 432,-
486 1272 633 1339 affinitati
650 1273 702 1339 isti
722 1273 893 1341 Fabiorum
915 1286 947 1340 et
971 1271 1181 1341 Claudiorum
1199 1295 1283 1337 non·

213 1381 291 1449 dum
328 1384 425 1451 fidem
454 1384 576 1465 habeo,
610 1409 684 1453 nam
715 1384 797 1453 duae
828 1386 906 1453 illae
934 1397 1045 1477 gentes
1074 1384 1161 1451 haud
1191 1382 1282 1450 fideli

216 1494 386 1562 eoncordia
406 1497 589 1564 utebantur.

257 1607 389 1675 Gravior
412 1611 556 1701 quaestio
577 1624 625 1677 est
645 1611 776 1703 quinam
799 1609 960 1678 Camertes
981 1608 1184 1699 intelligendi
1202 1609 1284 1687 sint;

211 1718 318 1789 Livius
339 1720 499 1790 Camertes
518 1724 658 1792 Umbros
676 1725 787 1791 sedulo
807 1723 900 1804 dioit;
924 1722 985 1790 hoo
1006 1722 1155 1814 equidem
1177 1721 1283 1786 aliun·

212 1833 251 1900 de
269 1835 494 1926 explicandum
517 1837 612 1904 oredo
624 1885 634 1916 ,
665 1860 737 1904 nam
763 1849 892 1929 propter
912 1837 1010 1904 saltus
1036 1835 1167 1903 Ciminii
1187 1835 1283 1902 situm

213 1944 373 2013 Camertes
399 1948 517 2013 Tuscos
542 1946 767 2037 intelligendos
793 1969 926 2025 censeo,
951 1957 985 2012 ut
1005 1947 1072 2037 ipse
1095 1944 1203 2011 Livius
1223 1969 1283 2011 no·

211 2058 357 2129 minatim
370 2060 459 2126 addit
470 2063 503 2126 in
516 2062 642 2128 Etruria
661 2085 714 2128 eos
732 2061 855 2151 degisse
873 2083 931 2153 per
951 2072 1066 2138 totam,
1086 2059 1209 2150 opinor,
1228 2082 1283 2124 er-

213 2170 421 2262 peditionem.
459 2173 617 2240 Diodorus
645 2197 712 2241 rem
739 2197 804 2240 non
828 2172 964 2256 dirimit,
994 2154 1068 2237 nam
1090 2172 1135 2237 sio
1153 2170 1300 2236 scribite

211 2281 303 2349 ἔλαθε
331 2284 402 2356 τοὺς
431 2285 598 2364 πολεμίους
630 2287 681 2351 διὰ
711 2294 767 2361 τῆς
792 2291 852 2351 τῶν
877 2284 1017 2366 ὁμόρων
1047 2285 1152 2364 χώρας
1179 2283 1284 2362 ἐμβρι-

212 2397 271 2460 trba
297 2396 340 2467 εἷς
369 2398 425 2470 τὴν
452 2397 592 2478 ἀνωτέρω
620 2397 805 2480 Τνρρηνίνιν,
841 2396 897 2461 ubi
926 2388 1074 2462 Niebuhr
1092 2416 1151 2484 pro
1171 2394 1284 2476 ὁμόρων

214 2504 384 2596 legendum
404 2505 528 2571 censuit
543 2506 710 2589 Ὅμβρων.
741 2505 894 2596 Suspicor
915 2505 1075 2573 Camertes
1094 2505 1213 2571 Tuscos
1233 2505 1285 2570 in·

215 2618 419 2710 telligendos,
443 2642 515 2684 nam
537 2617 665 2685 Camars
684 2617 760 2684 olim
782 2618 893 2698 fnisse,
910 2618 997 2709 qnod
1015 2629 1123 2708 postea
1140 2616 1284 2685 Clusium

212 2733 335 2798 dietum
356 2744 420 2811 est,
452 2733 544 2797 nobis
564 2744 676 2797 auctor
696 2743 744 2797 est
762 2731 871 2797 Livius
892 2744 921 2812 ²,
951 2731 1007 2821 qui
1034 2754 1140 2798 reram
1160 2731 1286 2799 ridetur

215 2869 350 2913 servasse
368 2846 501 2923 lamam,
526 2845 687 2934 antiquius
709 2867 825 2910 nomen
846 2867 883 2910 er
903 2844 1036 2934 antiquo
1056 2844 1146 2910 fonte
1165 2843 1284 2910 deseri·

215 2960 309 3039 bens3
343 2959 430 3050 quod
459 2981 558 3049 quum
586 2958 648 3048 ipsi
674 2958 804 3037 lateret,
834 2957 979 3047 cogitans
997 2956 1038 3022 de
1061 2953 1227 3023 Camerino
1251 2957 1284 3023 in

213 3073 347 3140 Umbria
369 3071 447 3137 dixit
472 3070 633 3138 Camertes
657 3070 807 3137 Umbros.

260 3184 379 3253 Contra
401 3185 485 3251 bano
506 3185 688 3276 opinionem
710 3185 819 3252 attulit
837 3185 992 3252 nonnulla
1012 3183 1144 3275 Lepsios
1166 3197 1196 3264 ³,
1228 3188 1285 3276 qni

215 3299 255 3366 de
276 3299 431 3365 industria
452 3297 535 3364 bane
558 3299 776 3388 quaestionem
802 3299 958 3364 tractavit.
1006 3295 1115 3362 Credit
1133 3295 1189 3362 ille
1220 3298 1287 3364 Ro·

213 3436 324 3478 manos
353 3414 385 3477 in
415 3412 541 3477 Etruria
568 3411 733 3489 mansisse,
755 3435 819 3477 non
843 3409 1045 3478 Camerinum
1070 3432 1145 3499 ergo
1165 3410 1287 3476 intelli·

213 3526 352 3617 gendum
374 3547 457 3602 esse,
482 3546 587 3614 neque
609 3547 683 3589 vero
704 3523 869 3603 Clusium,
900 3522 986 3614 quod
1008 3521 1137 3589 Camers
1155 3522 1286 3589 diceba·

216 3652 267 3706 tur
289 3650 459 3728 antequam
481 3635 637 3725 Tyrrheni
658 3635 781 3726 Pelasgi
801 3635 1015 3713 advenissent,
1047 3633 1138 3699 ouius
1161 3635 1286 3703 incolae

215 3764 324 3842 postea
355 3750 515 3817 Camertes
546 3750 660 3818 Umbri
680 3773 744 3815 non
766 3761 940 3840 potuerunt
960 3747 1133 3839 appellari3
1164 3747 1287 3815 Clusini

216 3888 311 3956 porro
338 3875 445 3930 mort
478 3875 649 3930 oeonrrunt
677 3862 784 3928 hostes
813 3861 1034 3928 Romanorum
1060 3862 1145 3928 inter
1164 3874 1286 3929 eeteros

217 3979 362 4050 Etruriae
391 3977 536 4069 populos.
586 3977 626 4041 dt
650 3976 798 4042 ultimum
817 3974 899 4040 illud
919 3996 1050 4065 respuo,
1078 3999 1151 4042 nam
1176 3987 1288 4067 postea

219 4104 285 4160 tum
307 4091 431 4158 Clusini
450 4103 518 4173 turn
540 4088 685 4155 Perusini
709 4086 911 4165 defecerunt,
941 4087 982 4151 ab
1003 4086 1146 4153 hostibus
1167 4087 1287 4154 Roma-

219 4230 329 4273 norum
350 4231 367 4272 a
387 4204 487 4271 Gallis
503 4203 634 4269 fortasse
652 4202 776 4268 incitati
797 4214 852 4267 aut
871 4200 988 4281 ooaeti;
1012 4200 1079 4267 noli
1097 4200 1171 4268 inde
1183 4201 1286 4268 nonli-

247 4456 266 4524 Ι)
274 4458 361 4510 Front.
369 4453 446 4509 Sarac.
451 4458 472 4509 1.
482 4463 496 4509 2
506 4459 550 4521 52.
574 4453 594 4523 ²)
604 4456 637 4506 X.
645 4461 686 4508 24.
713 4451 734 4523 ³)
744 4452 795 4506 Die
808 4452 923 4523 Tyrrlem
934 4452 1033 4521 Petorp.
1043 4460 1085 4506 33.
1108 4452 1128 4523 ⁴)
1138 4456 1194 4507 Lis.
1205 4454 1239 4505 X.
1250 4459 1292 4504 tto.
