3194 5302
359 467 398 528 64
427 486 454 535 o.
466 481 569 528 annius
580 482 681 525 unu.
691 482 718 523 u.
729 478 889 523 vrnonmos
897 461 951 544 (5).
962 461 983 544 5
993 463 1022 524 6.
1034 479 1100 524 cao.
1112 480 1214 524 aaran.
1227 480 1310 524 onore
1317 463 1387 526 296.

364 660 479 752 Algido
508 670 644 750 ponunt.
693 658 781 723 Tunc
807 668 869 722 tres
893 655 1108 722 Romanorum
1131 657 1226 747 legati
1246 658 1425 724 missisunt

362 774 402 839 ad
435 775 561 864 Aequos
592 771 650 838 viri
677 770 860 836 consulares
887 792 1010 849 omues,
1041 769 1078 854 Q.
1103 770 1221 836 Fabius
1247 770 1425 836 Vibulanus

365 889 407 973 (e.
420 890 494 955 287.
505 890 578 953 289.
591 886 691 972 295),
707 884 742 950 Ρ.
754 882 946 948 Volumnius
963 883 1144 948 Amintinus
1157 883 1267 950 Gallus
1279 884 1321 970 (e.
1334 888 1426 970 293),

361 1000 399 1064 h.
428 997 609 1064 Postumius
638 996 737 1061 Albus
767 994 957 1085 Regillensis
989 996 1030 1085 (e.
1062 999 1161 1084 290),
1195 1009 1344 1088 questum
1374 997 1426 1062 in·

361 1111 456 1176 iurias
484 1121 516 1175 et
546 1132 582 1174 en
610 1106 739 1172 foedere
764 1129 813 1172 res
834 1107 1016 1197 repetitum.
1062 1104 1135 1171 Non
1156 1118 1262 1173 tamen
1282 1108 1426 1174 satisfac·

362 1234 429 1287 tum
459 1232 521 1297 est,
551 1219 633 1284 sicut
658 1217 831 1308 exspectari
850 1229 993 1308 poterat;
1022 1219 1087 1283 imo
1108 1220 1280 1309 superbum
1301 1223 1334 1286 iu
1355 1246 1427 1287 mo·

362 1335 440 1400 dum
461 1331 623 1400 Gracchus
641 1330 764 1421 excepit
783 1330 918 1420 legatos;
942 1330 1048 1396 statim
1064 1329 1205 1398 decrevit
1220 1333 1318 1422 igitur
1334 1357 1428 1400 sena·

364 1459 414 1513 tus
445 1445 623 1511 Minucium
654 1443 818 1509 consulem
851 1455 961 1508 contra
983 1443 1162 1510 Gracchum
1185 1447 1326 1527 mittere,
1350 1447 1427 1514 dum

365 1561 551 1650 Aequorum
571 1558 649 1622 fines
659 1555 794 1622 Nautius
807 1556 917 1622 consul
929 1556 1147 1646 popularetur.
1182 1555 1307 1648 Supra1
1330 1559 1429 1625 serbo

363 1671 474 1738 monui
494 1669 708 1737 Niebuhrium
728 1680 813 1734 recte
835 1670 1028 1760 suspicatum
1048 1691 1115 1735 esse
1135 1669 1218 1735 hauc
1236 1670 1430 1762 legationem

361 1785 445 1851 male
476 1807 494 1848 a
522 1781 685 1871 Dionysio,
702 1780 836 1847 relatam
860 1805 926 1848 esse
945 1780 984 1847 ad
1004 1805 1122 1848 annum
1145 1786 1226 1863 288,
1250 1807 1315 1874 quo
1335 1808 1429 1875 pror·

362 1921 414 1964 sus
442 1895 526 1962 idem
556 1895 695 1962 evenisse
725 1894 844 1974 fertur3
873 1896 927 1960 eui
949 1896 1123 1985 suspicioni
1143 1895 1205 1963 hoc
1225 1920 1356 1988 quoque
1377 1922 1431 1964 ar·

362 2021 550 2103 gementum
569 2009 665 2074 selim
687 2007 832 2087 accedat,
856 2007 943 2098 quod
963 2008 1026 2074 hoc
1043 2033 1127 2076 auno
1144 2033 1254 2076 omnes
1269 2010 1317 2076 illi
1333 2011 1431 2101 legati

363 2122 545 2189 consulares
565 2121 698 2199 luerint,
721 2119 798 2186 dum
817 2143 900 2186 anuo
921 2124 985 2189 288
1007 2121 1092 2188 solus
1112 2123 1231 2189 Fabius
1260 2124 1431 2190 consulatu

362 2237 493 2302 functus
518 2248 615 2315 esset;
646 2234 792 2300 solebant
810 2258 925 2326 nempe
946 2234 1105 2325 legatione
1123 2236 1214 2326 fungi
1236 2237 1294 2301 viri
1313 2259 1432 2304 consu-

363 2350 445 2415 lares
466 2361 492 2416 ².
542 2347 648 2432 Quum
672 2348 818 2414 consules
837 2348 973 2438 profecti
998 2360 1088 2427 sunt,
1112 2348 1229 2414 Fabius
1250 2350 1432 2440 praelectus

364 2462 459 2529 Urbis
482 2461 569 2527 donri
589 2461 739 2527 mansisse
759 2460 888 2526 auditur
907 2461 1099 2551 tertiamque
1119 2461 1283 2552 copiarum
1304 2474 1430 2553 partem

363 2598 533 2642 reservasse
557 2576 705 2640 militiam
730 2556 848 2666 nempe
866 2574 1035 2654 urbanam3
1060 2596 1159 2664 quum
1181 2586 1287 2641 tamen
1309 2574 1433 2641 Roma·

363 2711 479 2754 norum
507 2699 609 2753 castra
637 2699 731 2752 nocte
756 2686 797 2751 ab
824 2686 915 2752 hoste
934 2687 1150 2753 circumventa
1169 2700 1290 2767 essent,
1312 2687 1433 2754 Fabius

365 2812 489 2892 partem
520 2822 648 2864 suorum
678 2798 736 2863 sub
768 2799 804 2864 T.
827 2797 976 2882 Quinctio
1007 2811 1173 2891 quaestore
1203 2799 1287 2864 misit
1307 2799 1347 2866 ad
1367 2800 1433 2866 Mi-

363 2914 511 2991 nucium,
543 2911 621 2977 dum
650 2911 730 2977 alter
759 2911 870 2978 consul
897 2912 1033 2978 Romam
1064 2924 1287 2992 arcesseretur‚
1310 2913 1433 3004 inquo

365 3048 464 3118 quum
493 3047 605 3116 parum
637 3024 785 3115 praesidii
809 3025 912 3091 inesse
932 3025 1105 3106 rideretur,
1129 3027 1162 3092 in
1181 3048 1303 3091 summa
1321 3049 1434 3093 rerum

364 3138 579 3230 trepidatione
607 3138 730 3228 placuit
758 3138 948 3205 dictatorem
978 3137 1052 3206 dici.
1098 3138 1134 3204 L.
1163 3138 1330 3223 Quinctius
1352 3139 1435 3207 Gin-

364 3253 511 3318 cinnatus
539 3250 642 3317 dictus
672 3263 734 3332 est;
767 3274 875 3317 revera
901 3251 1039 3318 dictator
1063 3251 1104 3317 ab
1129 3264 1250 3332 aratro,
1274 3265 1310 3318 ut
1333 3253 1434 3344 louge

363 3366 471 3457 plures
501 3364 646 3443 fuerunt,
679 3386 774 3454 quarn
804 3363 963 3430 historicis
987 3344 1161 3456 placuerit3
1184 3377 1323 3455 quatuor
1341 3365 1434 3432 enirn

365 3478 476 3566 iugera
499 3498 554 3542 sua
575 3476 693 3542 colenti
713 3477 862 3543 nuntium
884 3500 983 3569 quum
1004 3477 1054 3544 illi
1073 3477 1203 3544 allatum
1224 3491 1289 3556 est,
1311 3478 1435 3545 inritus

364 3593 469 3659 honus
494 3588 633 3679 agricola
653 3612 762 3679 agrum
784 3591 955 3681 relinquit,
979 3603 1085 3680 togam
1112 3613 1130 3656 e
1155 3591 1278 3680 tegurio
1306 3590 1435 3657 Racilie

365 3726 444 3770 uxor
472 3701 591 3781 adfert,
624 3701 765 3767 absterso
795 3702 927 3792 pulvere
954 3723 990 3767 ac
1016 3700 1131 3767 sudore
1152 3701 1185 3765 in
1207 3701 1279 3767 nari
1299 3702 1436 3793 publiea

366 3815 508 3883 Tiberim
539 3812 671 3892 traiicit,
705 3811 783 3877 dicit
802 3813 986 3903 magistrum
1006 3813 1150 3902 equitum
1171 3811 1206 3879 L.
1230 3813 1436 3903 Tarquitium

364 3928 607 4021 pauperiorem,
639 3923 792 3991 iudicitur
825 3926 1002 4005 iustitium,
1036 3924 1231 3991 clauduntur
1263 3925 1436 4005 tabernae,

364 4043 549 4135 quicunque
569 4050 671 4105 aetate
689 4039 820 4104 militari
839 4051 927 4119 suut,
944 4038 1021 4104 dant
1040 4039 1169 4105 nomina
1186 4051 1218 4104 et
1229 4040 1342 4103 armati
1353 4061 1435 4108 cum

364 4153 489 4220 cibariis
515 4152 549 4216 in
576 4150 643 4218 dies
671 4152 814 4242 quinque
834 4150 989 4243 vallisque
1009 4149 1165 4217 duodenis
1188 4150 1295 4217 adesse
1313 4151 1438 4218 iuben-

363 4279 431 4346 tur3
454 4287 527 4332 mox
552 4266 728 4356 composito
752 4265 877 4356 agmine
897 4264 1033 4331 dictator
1051 4265 1192 4356 legiones
1211 4265 1335 4345 eduxit,
1359 4260 1438 4332 risa-

390 4517 410 4585 ι)
428 4517 467 4571 Cf.
485 4517 498 4583 h
516 4523 531 4568 2
549 4517 625 4568 huius
642 4514 748 4580 Capitis,
767 4528 792 4578 p.
812 4518 853 4564 58.
951 4511 971 4582 2)
988 4515 1046 4567 Lir.
1064 4515 1116 4567 ΠΙ.
1136 4520 1182 4578 50,
1200 4516 1250 4569 1v.
1272 4519 1312 4568 17.
