<?xml version="1.0" encoding="UTF-8"?>
<!DOCTYPE html PUBLIC "-//W3C//DTD XHTML 1.0 Transitional//EN"
    "http://www.w3.org/TR/xhtml1/DTD/xhtml1-transitional.dtd">
<html xmlns="http://www.w3.org/1999/xhtml" xml:lang="en" lang="en">
 <head>
  <title>
</title>
<meta http-equiv="Content-Type" content="text/html;charset=utf-8" />
  <meta name='ocr-system' content='tesseract 3.04.00' />
  <meta name='ocr-capabilities' content='ocr_page ocr_carea ocr_par ocr_line ocrx_word'/>
</head>
<body>
  <div class='ocr_page' id='page_1' title='image "./disputatiodegen00servgoog_0227.png"; bbox 0 0 3212 5294; ppageno 0'>
   <div class='ocr_carea' id='block_1_1' title="bbox 355 437 1315 522">
    <p class='ocr_par' dir='ltr' id='par_1_1' title="bbox 355 437 1315 522">
     <span class='ocr_line' id='line_1_1' title="bbox 355 437 1315 522; baseline -0.002 -20"><span class='ocrx_word' id='word_1_1' title='bbox 355 442 417 503; x_wconf 86' lang='lat'><strong>212</strong></span> <span class='ocrx_word' id='word_1_2' title='bbox 478 459 791 511; x_wconf 63' lang='lat' dir='ltr'><strong>sensumsensurn.</strong></span> <span class='ocrx_word' id='word_1_3' title='bbox 804 459 831 502; x_wconf 88' lang='lat' dir='ltr'><strong>n.</strong></span> <span class='ocrx_word' id='word_1_4' title='bbox 844 438 1035 521; x_wconf 56' lang='lat' dir='ltr'><strong>urorum-46).</strong></span> <span class='ocrx_word' id='word_1_5' title='bbox 1051 437 1113 521; x_wconf 78' lang='lat'><strong>§3.</strong></span> <span class='ocrx_word' id='word_1_6' title='bbox 1131 456 1315 522; x_wconf 79' lang='lat' dir='ltr'><strong>rasennam.</strong></span> 
     </span>
    </p>
   </div>
   <div class='ocr_carea' id='block_1_2' title="bbox 358 633 1432 1858">
    <p class='ocr_par' dir='ltr' id='par_1_2' title="bbox 358 633 1432 1858">
     <span class='ocr_line' id='line_1_2' title="bbox 363 633 1429 726; baseline -0.002 -24"><span class='ocrx_word' id='word_1_7' title='bbox 363 637 521 703; x_wconf 85' lang='lat' dir='ltr'><strong>sacrificio</strong></span> <span class='ocrx_word' id='word_1_8' title='bbox 543 658 609 703; x_wconf 89' lang='lat' dir='ltr'><strong>uno</strong></span> <span class='ocrx_word' id='word_1_9' title='bbox 629 637 794 703; x_wconf 73' lang='lat' dir='ltr'><strong>alterove?</strong></span> <span class='ocrx_word' id='word_1_10' title='bbox 842 634 893 701; x_wconf 78' lang='lat' dir='ltr'><strong>ld</strong></span> <span class='ocrx_word' id='word_1_11' title='bbox 919 656 1014 726; x_wconf 89' lang='lat' dir='ltr'><strong>quarn</strong></span> <span class='ocrx_word' id='word_1_12' title='bbox 1035 633 1246 725; x_wconf 80' lang='lat' dir='ltr'><strong>suspicionem</strong></span> <span class='ocrx_word' id='word_1_13' title='bbox 1277 633 1429 700; x_wconf 87' lang='lat' dir='ltr'><strong>tuendam</strong></span> 
     </span>
     <span class='ocr_line' id='line_1_3' title="bbox 361 747 1431 836; baseline 0.002 -24"><span class='ocrx_word' id='word_1_14' title='bbox 361 750 453 815; x_wconf 88' lang='lat' dir='ltr'><strong>iurat</strong></span> <span class='ocrx_word' id='word_1_15' title='bbox 484 751 593 816; x_wconf 84' lang='lat' dir='ltr'><strong>afferre</strong></span> <span class='ocrx_word' id='word_1_16' title='bbox 625 751 707 816; x_wconf 86' lang='lat' dir='ltr'><strong>Lirii</strong></span> <span class='ocrx_word' id='word_1_17' title='bbox 736 760 745 798; x_wconf 82' lang='lat'>¹</span> <span class='ocrx_word' id='word_1_18' title='bbox 781 750 876 816; x_wconf 84' lang='lat' dir='ltr'><strong>rerba</strong></span> <span class='ocrx_word' id='word_1_19' title='bbox 901 751 1033 815; x_wconf 81' lang='lat' dir='ltr'><strong>»bovem</strong></span> <span class='ocrx_word' id='word_1_20' title='bbox 1050 750 1237 836; x_wconf 73' lang='lat' dir='ltr'><strong>foeminam</strong></span> <span class='ocrx_word' id='word_1_21' title='bbox 1260 747 1431 826; x_wconf 85' lang='lat' dir='ltr'><strong>locutam”‚</strong></span> 
     </span>
     <span class='ocr_line' id='line_1_4' title="bbox 363 861 1431 954; baseline -0.003 -26"><span class='ocrx_word' id='word_1_22' title='bbox 363 885 450 953; x_wconf 86' lang='lat' dir='ltr'><strong>quae</strong></span> <span class='ocrx_word' id='word_1_23' title='bbox 479 875 514 928; x_wconf 84' lang='lat' dir='ltr'><strong>ut</strong></span> <span class='ocrx_word' id='word_1_24' title='bbox 543 875 575 929; x_wconf 84' lang='lat' dir='ltr'><strong>et</strong></span> <span class='ocrx_word' id='word_1_25' title='bbox 601 875 706 929; x_wconf 87' lang='lat' dir='ltr'><strong>cetera</strong></span> <span class='ocrx_word' id='word_1_26' title='bbox 734 863 879 954; x_wconf 79' lang='lat' dir='ltr'><strong>prodigia</strong></span> <span class='ocrx_word' id='word_1_27' title='bbox 906 862 1072 953; x_wconf 81' lang='lat' dir='ltr'>descripsit</span> <span class='ocrx_word' id='word_1_28' title='bbox 1089 885 1127 927; x_wconf 85' lang='lat' dir='ltr'><strong>er</strong></span> <span class='ocrx_word' id='word_1_29' title='bbox 1145 862 1319 953; x_wconf 86' lang='lat' dir='ltr'><strong>pontificiis</strong></span> <span class='ocrx_word' id='word_1_30' title='bbox 1340 861 1431 927; x_wconf 86' lang='lat' dir='ltr'><strong>libris</strong></span> 
     </span>
     <span class='ocr_line' id='line_1_5' title="bbox 364 975 1431 1067; baseline 0.002 -27"><span class='ocrx_word' id='word_1_31' title='bbox 364 977 472 1041; x_wconf 89' lang='lat' dir='ltr'><strong>neseio</strong></span> <span class='ocrx_word' id='word_1_32' title='bbox 484 976 600 1066; x_wconf 91' lang='lat' dir='ltr'><strong>quibus</strong></span> <span class='ocrx_word' id='word_1_33' title='bbox 618 977 674 1042; x_wconf 92' lang='lat' dir='ltr'><strong>sed</strong></span> <span class='ocrx_word' id='word_1_34' title='bbox 688 977 803 1067; x_wconf 87' lang='lat' dir='ltr'><strong>procul</strong></span> <span class='ocrx_word' id='word_1_35' title='bbox 816 977 914 1042; x_wconf 92' lang='lat' dir='ltr'><strong>dubio</strong></span> <span class='ocrx_word' id='word_1_36' title='bbox 927 976 1060 1066; x_wconf 90' lang='lat' dir='ltr'><strong>antiquo</strong></span> <span class='ocrx_word' id='word_1_37' title='bbox 1075 999 1220 1041; x_wconf 79' lang='lat' dir='ltr'>sermone</span> <span class='ocrx_word' id='word_1_38' title='bbox 1234 975 1431 1066; x_wconf 76' lang='lat' dir='ltr'><strong>conscriptis.</strong></span> 
     </span>
     <span class='ocr_line' id='line_1_6' title="bbox 364 1087 1431 1180; baseline 0 -27"><span class='ocrx_word' id='word_1_39' title='bbox 364 1087 449 1154; x_wconf 86' lang='lat' dir='ltr'><strong>Sunt</strong></span> <span class='ocrx_word' id='word_1_40' title='bbox 479 1088 558 1155; x_wconf 89' lang='lat' dir='ltr'><strong>haec</strong></span> <span class='ocrx_word' id='word_1_41' title='bbox 588 1090 704 1156; x_wconf 88' lang='lat' dir='ltr'><strong>diserta</strong></span> <span class='ocrx_word' id='word_1_42' title='bbox 736 1090 917 1156; x_wconf 86' lang='lat' dir='ltr'><strong>testimonia</strong></span> <span class='ocrx_word' id='word_1_43' title='bbox 945 1090 1073 1180; x_wconf 78' lang='lat' dir='ltr'><strong>linguae</strong></span> <span class='ocrx_word' id='word_1_44' title='bbox 1099 1088 1232 1155; x_wconf 81' lang='lat' dir='ltr'><strong>Latinae</strong></span> <span class='ocrx_word' id='word_1_45' title='bbox 1256 1089 1379 1180; x_wconf 88' lang='lat' dir='ltr'><strong>priseae</strong></span> <span class='ocrx_word' id='word_1_46' title='bbox 1398 1101 1431 1153; x_wconf 89' lang='lat' dir='ltr'><strong>et</strong></span> 
     </span>
     <span class='ocr_line' id='line_1_7' title="bbox 363 1202 1431 1294; baseline -0.001 -27"><span class='ocrx_word' id='word_1_47' title='bbox 363 1203 527 1292; x_wconf 88' lang='lat' dir='ltr'><strong>pauperis,</strong></span> <span class='ocrx_word' id='word_1_48' title='bbox 557 1227 620 1293; x_wconf 88' lang='lat' dir='ltr'><strong>qua</strong></span> <span class='ocrx_word' id='word_1_49' title='bbox 646 1226 802 1294; x_wconf 81' lang='lat' dir='ltr'><strong>pauperes</strong></span> <span class='ocrx_word' id='word_1_50' title='bbox 821 1215 960 1292; x_wconf 88' lang='lat' dir='ltr'><strong>pastores</strong></span> <span class='ocrx_word' id='word_1_51' title='bbox 980 1202 1170 1280; x_wconf 88' lang='lat' dir='ltr'><strong>utebantur,</strong></span> <span class='ocrx_word' id='word_1_52' title='bbox 1194 1202 1311 1292; x_wconf 84' lang='lat' dir='ltr'><strong>quibus</strong></span> <span class='ocrx_word' id='word_1_53' title='bbox 1329 1204 1431 1292; x_wconf 83' lang='lat' dir='ltr'><strong>lupus</strong></span> 
     </span>
     <span class='ocr_line' id='line_1_8' title="bbox 361 1313 1431 1407; baseline -0.001 -28"><span class='ocrx_word' id='word_1_54' title='bbox 361 1327 396 1380; x_wconf 91' lang='lat' dir='ltr'><strong>et</strong></span> <span class='ocrx_word' id='word_1_55' title='bbox 415 1339 524 1405; x_wconf 81' lang='lat' dir='ltr'><strong>agnus</strong></span> <span class='ocrx_word' id='word_1_56' title='bbox 543 1317 722 1382; x_wconf 87' lang='lat' dir='ltr'><strong>communis</strong></span> <span class='ocrx_word' id='word_1_57' title='bbox 740 1317 864 1407; x_wconf 80' lang='lat' dir='ltr'><strong>generis</strong></span> <span class='ocrx_word' id='word_1_58' title='bbox 882 1327 949 1381; x_wconf 89' lang='lat' dir='ltr'><strong>erat</strong></span> <span class='ocrx_word' id='word_1_59' title='bbox 968 1327 998 1392; x_wconf 83' lang='lat'><strong>²,</strong></span> <span class='ocrx_word' id='word_1_60' title='bbox 1022 1315 1078 1404; x_wconf 91' lang='lat' dir='ltr'><strong>qui</strong></span> <span class='ocrx_word' id='word_1_61' title='bbox 1093 1313 1219 1380; x_wconf 83' lang='lat' dir='ltr'><strong>Numae</strong></span> <span class='ocrx_word' id='word_1_62' title='bbox 1234 1315 1297 1403; x_wconf 74' lang='lat' dir='ltr'><strong>legi</strong></span> <span class='ocrx_word' id='word_1_63' title='bbox 1315 1313 1431 1379; x_wconf 88' lang='lat' dir='ltr'><strong>obedi-</strong></span> 
     </span>
     <span class='ocr_line' id='line_1_9' title="bbox 366 1427 1432 1519; baseline 0 -27"><span class='ocrx_word' id='word_1_64' title='bbox 366 1439 455 1494; x_wconf 89' lang='lat' dir='ltr'><strong>entes</strong></span> <span class='ocrx_word' id='word_1_65' title='bbox 474 1454 596 1519; x_wconf 76' lang='lat' dir='ltr'><strong>agnum</strong></span> <span class='ocrx_word' id='word_1_66' title='bbox 617 1453 742 1495; x_wconf 82' lang='lat' dir='ltr'><strong>morem</strong></span> <span class='ocrx_word' id='word_1_67' title='bbox 761 1428 923 1495; x_wconf 87' lang='lat' dir='ltr'><strong>dicebant.</strong></span> <span class='ocrx_word' id='word_1_68' title='bbox 959 1427 1078 1494; x_wconf 86' lang='lat' dir='ltr'><strong>Eadem</strong></span> <span class='ocrx_word' id='word_1_69' title='bbox 1101 1427 1182 1492; x_wconf 90' lang='lat' dir='ltr'><strong>ratio</strong></span> <span class='ocrx_word' id='word_1_70' title='bbox 1199 1428 1283 1494; x_wconf 82' lang='lat' dir='ltr'><strong>valet</strong></span> <span class='ocrx_word' id='word_1_71' title='bbox 1300 1427 1333 1492; x_wconf 91' lang='lat' dir='ltr'><strong>iu</strong></span> <span class='ocrx_word' id='word_1_72' title='bbox 1355 1450 1432 1492; x_wconf 88' lang='lat' dir='ltr'><strong>nos·</strong></span> 
     </span>
     <span class='ocr_line' id='line_1_10' title="bbox 358 1540 1431 1633; baseline 0 -28"><span class='ocrx_word' id='word_1_73' title='bbox 358 1553 412 1606; x_wconf 86' lang='lat' dir='ltr'><strong>tro</strong></span> <span class='ocrx_word' id='word_1_74' title='bbox 433 1540 520 1621; x_wconf 91' lang='lat' dir='ltr'><strong>loco,</strong></span> <span class='ocrx_word' id='word_1_75' title='bbox 544 1543 577 1607; x_wconf 90' lang='lat' dir='ltr'><strong>in</strong></span> <span class='ocrx_word' id='word_1_76' title='bbox 597 1544 752 1633; x_wconf 88' lang='lat' dir='ltr'><strong>scriptura</strong></span> <span class='ocrx_word' id='word_1_77' title='bbox 771 1543 989 1607; x_wconf 89' lang='lat' dir='ltr'><strong>Romanorum</strong></span> <span class='ocrx_word' id='word_1_78' title='bbox 1010 1563 1094 1606; x_wconf 87' lang='lat' dir='ltr'><strong>saera</strong></span> <span class='ocrx_word' id='word_1_79' title='bbox 1114 1552 1239 1606; x_wconf 89' lang='lat' dir='ltr'><strong>tantum</strong></span> <span class='ocrx_word' id='word_1_80' title='bbox 1259 1553 1431 1631; x_wconf 83' lang='lat' dir='ltr'><strong>supersunt</strong></span> 
     </span>
     <span class='ocr_line' id='line_1_11' title="bbox 362 1653 1432 1745; baseline 0 -27"><span class='ocrx_word' id='word_1_81' title='bbox 362 1655 552 1744; x_wconf 87' lang='lat' dir='ltr'><strong>perantiqua</strong></span> <span class='ocrx_word' id='word_1_82' title='bbox 564 1656 622 1720; x_wconf 84' lang='lat' dir='ltr'><strong>ista</strong></span> <span class='ocrx_word' id='word_1_83' title='bbox 634 1655 805 1734; x_wconf 73' lang='lat' dir='ltr'><strong>voeabula,</strong></span> <span class='ocrx_word' id='word_1_84' title='bbox 825 1678 901 1745; x_wconf 74' lang='lat' dir='ltr'><strong>ergo</strong></span> <span class='ocrx_word' id='word_1_85' title='bbox 916 1679 980 1720; x_wconf 91' lang='lat' dir='ltr'><strong>non</strong></span> <span class='ocrx_word' id='word_1_86' title='bbox 998 1653 1205 1744; x_wconf 78' lang='lat' dir='ltr'><strong>cogitandum</strong></span> <span class='ocrx_word' id='word_1_87' title='bbox 1220 1665 1266 1720; x_wconf 90' lang='lat' dir='ltr'><strong>est</strong></span> <span class='ocrx_word' id='word_1_88' title='bbox 1278 1653 1318 1719; x_wconf 92' lang='lat' dir='ltr'><strong>de</strong></span> <span class='ocrx_word' id='word_1_89' title='bbox 1329 1653 1432 1718; x_wconf 80' lang='lat' dir='ltr'><strong>Faus·</strong></span> 
     </span>
     <span class='ocr_line' id='line_1_12' title="bbox 366 1766 1146 1858; baseline 0.004 -28"><span class='ocrx_word' id='word_1_90' title='bbox 366 1766 429 1831; x_wconf 82' lang='lat' dir='ltr'><strong>tuli</strong></span> <span class='ocrx_word' id='word_1_91' title='bbox 452 1791 548 1834; x_wconf 84' lang='lat' dir='ltr'><strong>uxore</strong></span> <span class='ocrx_word' id='word_1_92' title='bbox 573 1791 680 1834; x_wconf 85' lang='lat' dir='ltr'><strong>rerum</strong></span> <span class='ocrx_word' id='word_1_93' title='bbox 705 1768 746 1835; x_wconf 88' lang='lat' dir='ltr'><strong>de</strong></span> <span class='ocrx_word' id='word_1_94' title='bbox 769 1768 854 1834; x_wconf 92' lang='lat' dir='ltr'><strong>libro</strong></span> <span class='ocrx_word' id='word_1_95' title='bbox 877 1769 954 1833; x_wconf 91' lang='lat' dir='ltr'><strong>iuris</strong></span> <span class='ocrx_word' id='word_1_96' title='bbox 976 1768 1146 1858; x_wconf 88' lang='lat' dir='ltr'><strong>pontificii.</strong></span> 
     </span>
    </p>
   </div>
   <div class='ocr_carea' id='block_1_3' title="bbox 354 1990 1433 3213">
    <p class='ocr_par' dir='ltr' id='par_1_3' title="bbox 360 1990 1431 2396">
     <span class='ocr_line' id='line_1_13' title="bbox 360 1990 1431 2082; baseline -0.001 -23"><span class='ocrx_word' id='word_1_97' title='bbox 360 1991 415 2059; x_wconf 70' lang='lat' dir='ltr'><strong>N0.</strong></span> <span class='ocrx_word' id='word_1_98' title='bbox 451 1992 523 2059; x_wconf 80' lang='lat' dir='ltr'><strong>llll.</strong></span> <span class='ocrx_word' id='word_1_99' title='bbox 571 1994 674 2059; x_wconf 91' lang='lat' dir='ltr'><strong>Pnilia</strong></span> <span class='ocrx_word' id='word_1_100' title='bbox 703 2017 774 2058; x_wconf 84' lang='lat' dir='ltr'><strong>saxa</strong></span> <span class='ocrx_word' id='word_1_101' title='bbox 794 2015 861 2059; x_wconf 88' lang='lat' dir='ltr'><strong>esse</strong></span> <span class='ocrx_word' id='word_1_102' title='bbox 884 1991 923 2058; x_wconf 87' lang='lat' dir='ltr'><strong>ad</strong></span> <span class='ocrx_word' id='word_1_103' title='bbox 942 2004 1091 2082; x_wconf 89' lang='lat' dir='ltr'><strong>portum,</strong></span> <span class='ocrx_word' id='word_1_104' title='bbox 1115 1991 1171 2082; x_wconf 87' lang='lat' dir='ltr'><strong>qui</strong></span> <span class='ocrx_word' id='word_1_105' title='bbox 1190 1990 1231 2058; x_wconf 91' lang='lat' dir='ltr'><strong>sit</strong></span> <span class='ocrx_word' id='word_1_106' title='bbox 1252 1990 1431 2058; x_wconf 87' lang='lat' dir='ltr'><strong>seeundum</strong></span> 
     </span>
     <span class='ocr_line' id='line_1_14' title="bbox 451 2103 1431 2196; baseline -0.002 -24"><span class='ocrx_word' id='word_1_107' title='bbox 451 2107 593 2172; x_wconf 84' lang='lat' dir='ltr'><strong>Tiberim</strong></span> <span class='ocrx_word' id='word_1_108' title='bbox 623 2108 667 2172; x_wconf 90' lang='lat' dir='ltr'><strong>ait</strong></span> <span class='ocrx_word' id='word_1_109' title='bbox 698 2106 815 2171; x_wconf 80' lang='lat' dir='ltr'><strong>Fabius</strong></span> <span class='ocrx_word' id='word_1_110' title='bbox 844 2106 965 2184; x_wconf 85' lang='lat' dir='ltr'><strong>Pictor,</strong></span> <span class='ocrx_word' id='word_1_111' title='bbox 999 2105 1055 2194; x_wconf 91' lang='lat' dir='ltr'><strong>qui</strong></span> <span class='ocrx_word' id='word_1_112' title='bbox 1081 2103 1189 2170; x_wconf 88' lang='lat' dir='ltr'><strong>locum</strong></span> <span class='ocrx_word' id='word_1_113' title='bbox 1209 2117 1301 2196; x_wconf 92' lang='lat' dir='ltr'><strong>putat</strong></span> <span class='ocrx_word' id='word_1_114' title='bbox 1319 2104 1431 2171; x_wconf 83' lang='lat' dir='ltr'><strong>Labeo</strong></span> 
     </span>
     <span class='ocr_line' id='line_1_15' title="bbox 449 2215 1431 2308; baseline -0.002 -22"><span class='ocrx_word' id='word_1_115' title='bbox 449 2220 528 2300; x_wconf 89' lang='lat' dir='ltr'><strong>diei,</strong></span> <span class='ocrx_word' id='word_1_116' title='bbox 553 2221 610 2286; x_wconf 90' lang='lat' dir='ltr'><strong>ubi</strong></span> <span class='ocrx_word' id='word_1_117' title='bbox 629 2220 726 2285; x_wconf 89' lang='lat' dir='ltr'><strong>fuerit</strong></span> <span class='ocrx_word' id='word_1_118' title='bbox 747 2219 862 2284; x_wconf 83' lang='lat' dir='ltr'><strong>Ficana</strong></span> <span class='ocrx_word' id='word_1_119' title='bbox 881 2219 930 2283; x_wconf 85' lang='lat' dir='ltr'><strong>ria</strong></span> <span class='ocrx_word' id='word_1_120' title='bbox 951 2215 1089 2283; x_wconf 78' lang='lat' dir='ltr'><strong>Ostiensi</strong></span> <span class='ocrx_word' id='word_1_121' title='bbox 1105 2217 1144 2283; x_wconf 90' lang='lat' dir='ltr'><strong>ad</strong></span> <span class='ocrx_word' id='word_1_122' title='bbox 1165 2215 1304 2308; x_wconf 85' lang='lat' dir='ltr'><strong>lapidem</strong></span> <span class='ocrx_word' id='word_1_123' title='bbox 1324 2217 1431 2284; x_wconf 91' lang='lat' dir='ltr'><strong>unde·</strong></span> 
     </span>
     <span class='ocr_line' id='line_1_16' title="bbox 451 2331 616 2396; baseline 0 0"><span class='ocrx_word' id='word_1_124' title='bbox 451 2331 570 2396; x_wconf 90' lang='lat' dir='ltr'><strong>cimum</strong></span> <span class='ocrx_word' id='word_1_125' title='bbox 593 2339 616 2396; x_wconf 79' lang='lat'><strong>³.</strong></span> 
     </span>
    </p>

    <p class='ocr_par' dir='ltr' id='par_1_4' title="bbox 354 2440 1433 3213">
     <span class='ocr_line' id='line_1_17' title="bbox 381 2440 1432 2532; baseline -0.001 -23"><span class='ocrx_word' id='word_1_126' title='bbox 381 2444 555 2511; x_wconf 67' lang='lat' dir='ltr'><strong>‘Krausius</strong></span> <span class='ocrx_word' id='word_1_127' title='bbox 574 2443 660 2511; x_wconf 90' lang='lat' dir='ltr'><strong>hunc</strong></span> <span class='ocrx_word' id='word_1_128' title='bbox 679 2443 789 2509; x_wconf 88' lang='lat' dir='ltr'><strong>locum</strong></span> <span class='ocrx_word' id='word_1_129' title='bbox 810 2440 849 2507; x_wconf 91' lang='lat' dir='ltr'><strong>ad</strong></span> <span class='ocrx_word' id='word_1_130' title='bbox 870 2440 1057 2506; x_wconf 84' lang='lat' dir='ltr'><strong>historicum</strong></span> <span class='ocrx_word' id='word_1_131' title='bbox 1079 2463 1160 2532; x_wconf 90' lang='lat' dir='ltr'><strong>opus</strong></span> <span class='ocrx_word' id='word_1_132' title='bbox 1179 2441 1307 2521; x_wconf 85' lang='lat' dir='ltr'><strong>retulit,</strong></span> <span class='ocrx_word' id='word_1_133' title='bbox 1330 2456 1362 2507; x_wconf 88' lang='lat' dir='ltr'><strong>at</strong></span> <span class='ocrx_word' id='word_1_134' title='bbox 1381 2443 1432 2515; x_wconf 90' lang='lat' dir='ltr'><strong>nil</strong></span> 
     </span>
     <span class='ocr_line' id='line_1_18' title="bbox 357 2552 1432 2647; baseline -0.002 -24"><span class='ocrx_word' id='word_1_135' title='bbox 357 2559 390 2623; x_wconf 87' lang='lat' dir='ltr'><strong>in</strong></span> <span class='ocrx_word' id='word_1_136' title='bbox 411 2581 449 2623; x_wconf 88' lang='lat' dir='ltr'><strong>eo</strong></span> <span class='ocrx_word' id='word_1_137' title='bbox 467 2557 610 2623; x_wconf 81' lang='lat' dir='ltr'><strong>historici</strong></span> <span class='ocrx_word' id='word_1_138' title='bbox 627 2555 808 2647; x_wconf 81' lang='lat' dir='ltr'><strong>argumenti</strong></span> <span class='ocrx_word' id='word_1_139' title='bbox 824 2555 959 2644; x_wconf 76' lang='lat' dir='ltr'><strong>legitur,</strong></span> <span class='ocrx_word' id='word_1_140' title='bbox 981 2556 1045 2620; x_wconf 90' lang='lat' dir='ltr'><strong>imo</strong></span> <span class='ocrx_word' id='word_1_141' title='bbox 1065 2552 1239 2619; x_wconf 89' lang='lat' dir='ltr'><strong>admodum</strong></span> <span class='ocrx_word' id='word_1_142' title='bbox 1257 2554 1432 2645; x_wconf 91' lang='lat' dir='ltr'><strong>probabile</strong></span> 
     </span>
     <span class='ocr_line' id='line_1_19' title="bbox 359 2666 1432 2736; baseline -0.001 0"><span class='ocrx_word' id='word_1_143' title='bbox 359 2671 538 2736; x_wconf 89' lang='lat' dir='ltr'><strong>Harlessius</strong></span> <span class='ocrx_word' id='word_1_144' title='bbox 561 2685 573 2722; x_wconf 83' lang='lat'>⁴</span> <span class='ocrx_word' id='word_1_145' title='bbox 604 2670 744 2736; x_wconf 89' lang='lat' dir='ltr'><strong>ostendit</strong></span> <span class='ocrx_word' id='word_1_146' title='bbox 774 2692 811 2734; x_wconf 85' lang='lat' dir='ltr'><strong>eo</strong></span> <span class='ocrx_word' id='word_1_147' title='bbox 832 2668 926 2734; x_wconf 81' lang='lat' dir='ltr'><strong>rerba</strong></span> <span class='ocrx_word' id='word_1_148' title='bbox 951 2690 988 2734; x_wconf 81' lang='lat' dir='ltr'><strong>ex</strong></span> <span class='ocrx_word' id='word_1_149' title='bbox 1009 2666 1138 2733; x_wconf 75' lang='lat' dir='ltr'><strong>Antistii</strong></span> <span class='ocrx_word' id='word_1_150' title='bbox 1158 2666 1315 2734; x_wconf 89' lang='lat' dir='ltr'><strong>Labeonis</strong></span> <span class='ocrx_word' id='word_1_151' title='bbox 1338 2690 1432 2735; x_wconf 91' lang='lat' dir='ltr'><strong>com·</strong></span> 
     </span>
     <span class='ocr_line' id='line_1_20' title="bbox 354 2779 1433 2874; baseline -0.002 -25"><span class='ocrx_word' id='word_1_152' title='bbox 354 2785 520 2849; x_wconf 82' lang='lat' dir='ltr'><strong>montariis</strong></span> <span class='ocrx_word' id='word_1_153' title='bbox 541 2784 616 2848; x_wconf 90' lang='lat' dir='ltr'><strong>iuris</strong></span> <span class='ocrx_word' id='word_1_154' title='bbox 635 2782 795 2874; x_wconf 82' lang='lat' dir='ltr'><strong>pontificii</strong></span> <span class='ocrx_word' id='word_1_155' title='bbox 815 2805 880 2847; x_wconf 90' lang='lat' dir='ltr'><strong>esse</strong></span> <span class='ocrx_word' id='word_1_156' title='bbox 900 2780 1061 2858; x_wconf 87' lang='lat' dir='ltr'><strong>desumta,</strong></span> <span class='ocrx_word' id='word_1_157' title='bbox 1086 2779 1171 2846; x_wconf 89' lang='lat' dir='ltr'><strong>unde</strong></span> <span class='ocrx_word' id='word_1_158' title='bbox 1193 2780 1255 2845; x_wconf 90' lang='lat' dir='ltr'><strong>iarn</strong></span> <span class='ocrx_word' id='word_1_159' title='bbox 1275 2781 1433 2871; x_wconf 90' lang='lat' dir='ltr'><strong>equidem</strong></span> 
     </span>
     <span class='ocr_line' id='line_1_21' title="bbox 354 2894 1432 2984; baseline 0.001 -25"><span class='ocrx_word' id='word_1_160' title='bbox 354 2894 486 2960; x_wconf 80' lang='lat' dir='ltr'><strong>deduco</strong></span> <span class='ocrx_word' id='word_1_161' title='bbox 506 2919 649 2962; x_wconf 88' lang='lat' dir='ltr'><strong>manasse</strong></span> <span class='ocrx_word' id='word_1_162' title='bbox 667 2895 729 2961; x_wconf 88' lang='lat' dir='ltr'><strong>hoc</strong></span> <span class='ocrx_word' id='word_1_163' title='bbox 749 2895 962 2984; x_wconf 77' lang='lat' dir='ltr'><strong>fragmentum</strong></span> <span class='ocrx_word' id='word_1_164' title='bbox 977 2917 1015 2959; x_wconf 83' lang='lat' dir='ltr'><strong>er</strong></span> <span class='ocrx_word' id='word_1_165' title='bbox 1034 2894 1167 2960; x_wconf 88' lang='lat' dir='ltr'><strong>Pictoris</strong></span> <span class='ocrx_word' id='word_1_166' title='bbox 1183 2894 1267 2959; x_wconf 92' lang='lat' dir='ltr'><strong>libro</strong></span> <span class='ocrx_word' id='word_1_167' title='bbox 1282 2894 1432 2960; x_wconf 89' lang='lat' dir='ltr'><strong>eiusdem</strong></span> 
     </span>
     <span class='ocr_line' id='line_1_22' title="bbox 355 3006 1432 3100; baseline 0.001 -28"><span class='ocrx_word' id='word_1_168' title='bbox 355 3009 556 3099; x_wconf 77' lang='lat' dir='ltr'><strong>argumenti3</strong></span> <span class='ocrx_word' id='word_1_169' title='bbox 575 3009 738 3100; x_wconf 89' lang='lat' dir='ltr'><strong>quomodo</strong></span> <span class='ocrx_word' id='word_1_170' title='bbox 754 3019 884 3099; x_wconf 91' lang='lat' dir='ltr'><strong>propter</strong></span> <span class='ocrx_word' id='word_1_171' title='bbox 903 3007 982 3072; x_wconf 94' lang='lat' dir='ltr'><strong>illud</strong></span> <span class='ocrx_word' id='word_1_172' title='bbox 1001 3007 1105 3097; x_wconf 92' lang='lat' dir='ltr'><strong>ipsum</strong></span> <span class='ocrx_word' id='word_1_173' title='bbox 1125 3006 1302 3073; x_wconf 87' lang='lat' dir='ltr'><strong>Harlessius</strong></span> <span class='ocrx_word' id='word_1_174' title='bbox 1320 3008 1432 3074; x_wconf 89' lang='lat' dir='ltr'><strong>locum</strong></span> 
     </span>
     <span class='ocr_line' id='line_1_23' title="bbox 354 3118 1141 3213; baseline 0 -27"><span class='ocrx_word' id='word_1_175' title='bbox 354 3119 508 3188; x_wconf 83' lang='lat' dir='ltr'><strong>historico</strong></span> <span class='ocrx_word' id='word_1_176' title='bbox 533 3125 621 3213; x_wconf 90' lang='lat' dir='ltr'><strong>operi</strong></span> <span class='ocrx_word' id='word_1_177' title='bbox 645 3122 871 3200; x_wconf 77' lang='lat' dir='ltr'><strong>vindicaverit,</strong></span> <span class='ocrx_word' id='word_1_178' title='bbox 893 3143 959 3186; x_wconf 93' lang='lat' dir='ltr'><strong>non</strong></span> <span class='ocrx_word' id='word_1_179' title='bbox 983 3118 1141 3210; x_wconf 76' lang='lat' dir='ltr'><strong>intelligo.</strong></span> 
     </span>
    </p>
   </div>
   <div class='ocr_carea' id='block_1_4' title="bbox 354 3346 1436 3982">
    <p class='ocr_par' dir='ltr' id='par_1_5' title="bbox 354 3346 1436 3982">
     <span class='ocr_line' id='line_1_24' title="bbox 354 3346 1435 3441; baseline 0.004 -27"><span class='ocrx_word' id='word_1_180' title='bbox 354 3346 411 3416; x_wconf 55' lang='grc' dir='ltr'><strong>ΝΟ.</strong></span> <span class='ocrx_word' id='word_1_181' title='bbox 447 3347 538 3416; x_wconf 85' lang='lat' dir='ltr'><strong>Xlll.</strong></span> <span class='ocrx_word' id='word_1_182' title='bbox 585 3349 665 3415; x_wconf 80' lang='lat' dir='ltr'><strong>Viro</strong></span> <span class='ocrx_word' id='word_1_183' title='bbox 687 3347 807 3416; x_wconf 81' lang='lat' dir='ltr'><strong>Catone</strong></span> <span class='ocrx_word' id='word_1_184' title='bbox 826 3348 965 3414; x_wconf 88' lang='lat' dir='ltr'><strong>minores</strong></span> <span class='ocrx_word' id='word_1_185' title='bbox 984 3358 1062 3413; x_wconf 86' lang='lat' dir='ltr'><strong>natu</strong></span> <span class='ocrx_word' id='word_1_186' title='bbox 1081 3346 1177 3413; x_wconf 90' lang='lat' dir='ltr'><strong>multi</strong></span> <span class='ocrx_word' id='word_1_187' title='bbox 1198 3371 1262 3414; x_wconf 90' lang='lat' dir='ltr'><strong>uno</strong></span> <span class='ocrx_word' id='word_1_188' title='bbox 1282 3360 1435 3441; x_wconf 87' lang='lat' dir='ltr'><strong>tempore</strong></span> 
     </span>
     <span class='ocr_line' id='line_1_25' title="bbox 449 3459 1435 3540; baseline 0.002 -12"><span class='ocrx_word' id='word_1_189' title='bbox 449 3465 590 3528; x_wconf 86' lang='lat' dir='ltr'><strong>oratores</strong></span> <span class='ocrx_word' id='word_1_190' title='bbox 608 3464 803 3540; x_wconf 89' lang='lat' dir='ltr'><strong>floruerunt,</strong></span> <span class='ocrx_word' id='word_1_191' title='bbox 826 3473 859 3527; x_wconf 89' lang='lat' dir='ltr'><strong>et</strong></span> <span class='ocrx_word' id='word_1_192' title='bbox 877 3483 940 3526; x_wconf 90' lang='lat' dir='ltr'><strong>una</strong></span> <span class='ocrx_word' id='word_1_193' title='bbox 957 3459 1025 3527; x_wconf 88' lang='lat' dir='ltr'><strong>Ser.</strong></span> <span class='ocrx_word' id='word_1_194' title='bbox 1038 3459 1157 3526; x_wconf 82' lang='lat' dir='ltr'><strong>Fabius</strong></span> <span class='ocrx_word' id='word_1_195' title='bbox 1176 3461 1283 3527; x_wconf 87' lang='lat' dir='ltr'><strong>Pictor</strong></span> <span class='ocrx_word' id='word_1_196' title='bbox 1299 3475 1333 3529; x_wconf 89' lang='lat' dir='ltr'><strong>et</strong></span> <span class='ocrx_word' id='word_1_197' title='bbox 1350 3463 1435 3531; x_wconf 84' lang='lat' dir='ltr'><strong>iuris</strong></span> 
     </span>
     <span class='ocr_line' id='line_1_26' title="bbox 375 3573 1266 3664; baseline 0.001 -25"><span class='ocrx_word' id='word_1_198' title='bbox 375 3609 378 3615; x_wconf 85' lang='grc'><em>·</em></span> <span class='ocrx_word' id='word_1_199' title='bbox 449 3587 482 3639; x_wconf 87' lang='lat' dir='ltr'><strong>et</strong></span> <span class='ocrx_word' id='word_1_200' title='bbox 500 3575 678 3641; x_wconf 89' lang='lat' dir='ltr'><strong>litterarum</strong></span> <span class='ocrx_word' id='word_1_201' title='bbox 700 3587 733 3640; x_wconf 92' lang='lat' dir='ltr'><strong>et</strong></span> <span class='ocrx_word' id='word_1_202' title='bbox 752 3573 980 3664; x_wconf 85' lang='lat' dir='ltr'><strong>antiquitatum</strong></span> <span class='ocrx_word' id='word_1_203' title='bbox 1003 3573 1222 3664; x_wconf 68' lang='lat' dir='ltr'><strong>beuerperitus</strong></span> <span class='ocrx_word' id='word_1_204' title='bbox 1243 3588 1266 3640; x_wconf 77' lang='lat'><strong>⁵.</strong></span> 
     </span>
     <span class='ocr_line' id='line_1_27' title="bbox 402 3686 1436 3779; baseline 0.003 -25"><span class='ocrx_word' id='word_1_205' title='bbox 402 3686 517 3779; x_wconf 88' lang='lat' dir='ltr'><strong>Neque</strong></span> <span class='ocrx_word' id='word_1_206' title='bbox 542 3687 604 3754; x_wconf 90' lang='lat' dir='ltr'><strong>hoe</strong></span> <span class='ocrx_word' id='word_1_207' title='bbox 627 3687 790 3754; x_wconf 82' lang='lat' dir='ltr'><strong>Ciceronis</strong></span> <span class='ocrx_word' id='word_1_208' title='bbox 813 3686 1031 3754; x_wconf 87' lang='lat' dir='ltr'><strong>testimonium</strong></span> <span class='ocrx_word' id='word_1_209' title='bbox 1051 3699 1242 3766; x_wconf 84' lang='lat' dir='ltr'><strong>memoret,</strong></span> <span class='ocrx_word' id='word_1_210' title='bbox 1266 3701 1302 3754; x_wconf 91' lang='lat' dir='ltr'><strong>ut</strong></span> <span class='ocrx_word' id='word_1_211' title='bbox 1321 3689 1436 3757; x_wconf 89' lang='lat' dir='ltr'><strong>Krau-</strong></span> 
     </span>
     <span class='ocr_line' id='line_1_28' title="bbox 357 3801 1434 3895; baseline 0.002 -28"><span class='ocrx_word' id='word_1_212' title='bbox 357 3802 439 3868; x_wconf 91' lang='lat' dir='ltr'><strong>sium</strong></span> <span class='ocrx_word' id='word_1_213' title='bbox 459 3813 585 3867; x_wconf 89' lang='lat' dir='ltr'><strong>secutus</strong></span> <span class='ocrx_word' id='word_1_214' title='bbox 602 3801 644 3867; x_wconf 90' lang='lat' dir='ltr'><strong>de</strong></span> <span class='ocrx_word' id='word_1_215' title='bbox 663 3801 807 3867; x_wconf 90' lang='lat' dir='ltr'><strong>historici</strong></span> <span class='ocrx_word' id='word_1_216' title='bbox 827 3801 930 3891; x_wconf 90' lang='lat' dir='ltr'><strong>operis</strong></span> <span class='ocrx_word' id='word_1_217' title='bbox 956 3812 1087 3867; x_wconf 86' lang='lat' dir='ltr'><strong>auctore</strong></span> <span class='ocrx_word' id='word_1_218' title='bbox 1113 3801 1269 3892; x_wconf 80' lang='lat' dir='ltr'><strong>cogitem3</strong></span> <span class='ocrx_word' id='word_1_219' title='bbox 1291 3825 1393 3895; x_wconf 86' lang='lat' dir='ltr'><strong>supra</strong></span> <span class='ocrx_word' id='word_1_220' title='bbox 1419 3813 1434 3855; x_wconf 71' lang='lat'>⁸</span> 
     </span>
     <span class='ocr_line' id='line_1_29' title="bbox 356 3913 906 3982; baseline 0 -2"><span class='ocrx_word' id='word_1_221' title='bbox 356 3916 432 3981; x_wconf 85' lang='lat' dir='ltr'><strong>sotis</strong></span> <span class='ocrx_word' id='word_1_222' title='bbox 456 3915 578 3982; x_wconf 89' lang='lat' dir='ltr'><strong>dietum</strong></span> <span class='ocrx_word' id='word_1_223' title='bbox 603 3928 650 3980; x_wconf 88' lang='lat' dir='ltr'><strong>est</strong></span> <span class='ocrx_word' id='word_1_224' title='bbox 675 3914 715 3980; x_wconf 91' lang='lat' dir='ltr'><strong>de</strong></span> <span class='ocrx_word' id='word_1_225' title='bbox 738 3913 801 3980; x_wconf 91' lang='lat' dir='ltr'><strong>hoo</strong></span> <span class='ocrx_word' id='word_1_226' title='bbox 824 3914 906 3980; x_wconf 89' lang='lat' dir='ltr'><strong>loco.</strong></span> 
     </span>
    </p>
   </div>
   <div class='ocr_carea' id='block_1_5' title="bbox 348 4182 1442 4424">
    <p class='ocr_par' dir='ltr' id='par_1_6' title="bbox 348 4182 1442 4424">
     <span class='ocr_line' id='line_1_30' title="bbox 355 4182 1442 4253; baseline 0.004 -18"><span class='ocrx_word' id='word_1_227' title='bbox 355 4182 359 4187; x_wconf 76' lang='grc'><strong>’</strong></span> <span class='ocrx_word' id='word_1_228' title='bbox 386 4184 406 4247; x_wconf 87' lang='lat'><strong>¹)</strong></span> <span class='ocrx_word' id='word_1_229' title='bbox 423 4185 526 4236; x_wconf 88' lang='lat' dir='ltr'><strong>XLIII.</strong></span> <span class='ocrx_word' id='word_1_230' title='bbox 556 4192 595 4237; x_wconf 82' lang='lat'><strong>13.</strong></span> <span class='ocrx_word' id='word_1_231' title='bbox 682 4185 703 4247; x_wconf 82' lang='lat'><strong>²)</strong></span> <span class='ocrx_word' id='word_1_232' title='bbox 721 4188 814 4253; x_wconf 76' lang='lat' dir='ltr'><strong>[Fest]</strong></span> <span class='ocrx_word' id='word_1_233' title='bbox 837 4189 911 4238; x_wconf 86' lang='lat' dir='ltr'><strong>Paul.</strong></span> <span class='ocrx_word' id='word_1_234' title='bbox 934 4203 959 4236; x_wconf 77' lang='lat' dir='ltr'><strong>v.</strong></span> <span class='ocrx_word' id='word_1_235' title='bbox 978 4183 1063 4251; x_wconf 76' lang='lat' dir='ltr'><strong>Apnns</strong></span> <span class='ocrx_word' id='word_1_236' title='bbox 1084 4203 1111 4253; x_wconf 88' lang='lat' dir='ltr'><strong>p.</strong></span> <span class='ocrx_word' id='word_1_237' title='bbox 1129 4191 1160 4247; x_wconf 85' lang='grc'><strong>6,</strong></span> <span class='ocrx_word' id='word_1_238' title='bbox 1187 4204 1212 4238; x_wconf 82' lang='lat' dir='ltr'><strong>r.</strong></span> <span class='ocrx_word' id='word_1_239' title='bbox 1244 4183 1330 4237; x_wconf 78' lang='lat' dir='ltr'><strong>Corios</strong></span> <span class='ocrx_word' id='word_1_240' title='bbox 1355 4204 1385 4252; x_wconf 88' lang='lat' dir='ltr'><strong>p.</strong></span> <span class='ocrx_word' id='word_1_241' title='bbox 1414 4194 1442 4240; x_wconf 79' lang='lat'><strong>6.</strong></span> 
     </span>
     <span class='ocr_line' id='line_1_31' title="bbox 349 4266 1442 4339; baseline 0.005 -20"><span class='ocrx_word' id='word_1_242' title='bbox 349 4266 370 4333; x_wconf 67' lang='lat' dir='ltr'><strong>ll</strong></span> <span class='ocrx_word' id='word_1_243' title='bbox 388 4271 483 4334; x_wconf 77' lang='lat' dir='ltr'><strong>[Fest]</strong></span> <span class='ocrx_word' id='word_1_244' title='bbox 502 4271 575 4320; x_wconf 86' lang='lat' dir='ltr'><strong>Paul.</strong></span> <span class='ocrx_word' id='word_1_245' title='bbox 594 4287 618 4321; x_wconf 79' lang='lat' dir='ltr'><strong>r.</strong></span> <span class='ocrx_word' id='word_1_246' title='bbox 638 4269 724 4321; x_wconf 78' lang='lat' dir='ltr'><strong>Pallio</strong></span> <span class='ocrx_word' id='word_1_247' title='bbox 741 4289 765 4337; x_wconf 92' lang='lat' dir='ltr'><strong>p.</strong></span> <span class='ocrx_word' id='word_1_248' title='bbox 785 4279 845 4323; x_wconf 79' lang='lat'><strong>250.</strong></span> <span class='ocrx_word' id='word_1_249' title='bbox 901 4268 926 4338; x_wconf 60' lang='lat' dir='ltr'><strong>‘ll</strong></span> <span class='ocrx_word' id='word_1_250' title='bbox 944 4271 1007 4333; x_wconf 73' lang='lat' dir='ltr'><strong>Peg.</strong></span> <span class='ocrx_word' id='word_1_251' title='bbox 1024 4277 1065 4322; x_wconf 80' lang='lat'><strong>38.</strong></span> <span class='ocrx_word' id='word_1_252' title='bbox 1119 4267 1139 4339; x_wconf 80' lang='lat'><strong>⁵)</strong></span> <span class='ocrx_word' id='word_1_253' title='bbox 1156 4271 1208 4323; x_wconf 85' lang='lat' dir='ltr'><strong>Cio.</strong></span> <span class='ocrx_word' id='word_1_254' title='bbox 1222 4269 1298 4323; x_wconf 85' lang='lat' dir='ltr'><strong>Brut.</strong></span> <span class='ocrx_word' id='word_1_255' title='bbox 1312 4278 1343 4322; x_wconf 79' lang='lat'><strong>21</strong></span> <span class='ocrx_word' id='word_1_256' title='bbox 1361 4273 1377 4338; x_wconf 79' lang='lat'>§</span> <span class='ocrx_word' id='word_1_257' title='bbox 1395 4279 1442 4324; x_wconf 81' lang='lat'><strong>81.</strong></span> 
     </span>
     <span class='ocr_line' id='line_1_32' title="bbox 348 4353 834 4424; baseline -0.002 -15"><span class='ocrx_word' id='word_1_258' title='bbox 348 4353 369 4420; x_wconf 58' lang='grc' dir='ltr'><strong>ὅ)</strong></span> <span class='ocrx_word' id='word_1_259' title='bbox 386 4355 426 4407; x_wconf 87' lang='lat' dir='ltr'><strong>Cf.</strong></span> <span class='ocrx_word' id='word_1_260' title='bbox 445 4357 460 4419; x_wconf 66' lang='grc' dir='ltr'><strong>ς</strong></span> <span class='ocrx_word' id='word_1_261' title='bbox 478 4361 493 4405; x_wconf 84' lang='lat'>2</span> <span class='ocrx_word' id='word_1_262' title='bbox 512 4356 587 4406; x_wconf 87' lang='lat' dir='ltr'><strong>huius</strong></span> <span class='ocrx_word' id='word_1_263' title='bbox 604 4356 712 4421; x_wconf 79' lang='lat' dir='ltr'><strong>Capitis,</strong></span> <span class='ocrx_word' id='word_1_264' title='bbox 731 4373 755 4424; x_wconf 91' lang='lat' dir='ltr'><strong>p.</strong></span> <span class='ocrx_word' id='word_1_265' title='bbox 775 4363 834 4409; x_wconf 78' lang='lat'><strong>202.</strong></span> 
     </span>
    </p>
   </div>
   <div class='ocr_carea' id='block_1_6' title="bbox 0 0 1617 5294">
    <p class='ocr_par' dir='ltr' id='par_1_7' title="bbox 0 0 1617 5294">
     <span class='ocr_line' id='line_1_33' title="bbox 0 0 1617 5294; baseline 0 0"><span class='ocrx_word' id='word_1_266' title='bbox 0 0 1617 5294; x_wconf 95' lang='lat' dir='ltr'><strong> </strong></span> 
     </span>
    </p>
   </div>
  </div>
 </body>
</html>
