3210 5300
342 437 402 499 326
485 454 512 503 o.
534 454 637 498 rrarus
659 455 687 505 o.
709 455 735 497 r.
758 454 786 504 o.
808 453 836 496 u.
857 453 986 497 urrruos
1007 453 1177 497 ooucraroa
1198 434 1274 518 (33).

350 631 425 698 dem
455 631 568 711 credo,
600 632 665 698 sire
697 630 785 720 quod
813 643 994 719 arrogantes
1021 641 1126 721 patres
1155 629 1235 695 illud
1269 629 1412 720 iniquius

351 744 515 811 baberent.
571 744 660 810 Tunc
692 746 843 823 dictator,
879 756 914 808 ut
945 743 1041 809 [idom
1071 754 1264 833 praestaret,
1295 742 1334 808 de
1358 766 1416 809 suo

352 858 492 948 captivos
518 858 672 935 redemit,
696 858 799 922 lilium
823 879 939 946 nempe
963 856 1099 923 Romam
1120 856 1225 935 misit,
1250 867 1285 921 ut
1306 878 1415 946 agrum

354 994 446 1036 suum
469 973 596 1036 unicum
622 970 785 1050 venderet,
809 982 841 1037 et
861 969 906 1034 sio
921 970 953 1034 in
972 969 1154 1034 libertatem
1175 967 1337 1033 redierunt
1354 968 1419 1047 illi;

353 1107 414 1150 nec
443 1096 553 1176 postea
584 1084 702 1149 Fabius
734 1106 772 1148 er
803 1082 922 1148 aerario
958 1083 1127 1171 pecuniam
1160 1081 1254 1147 istam
1287 1081 1419 1170 accepit.

354 1196 509 1263 Vendidit
539 1196 676 1264 fundum
707 1219 801 1262 auum
832 1195 866 1261 in
892 1218 967 1285 agro
986 1195 1171 1286 Pupiniensi
1190 1208 1311 1286 septem
1330 1195 1420 1284 iuge·

355 1333 443 1390 rum,
466 1314 552 1375 1200
571 1310 666 1389 aeris,
686 1309 877 1375 utllurelius
891 1308 972 1388 vult,
989 1307 1285 1374 rerumrecundum
1294 1308 1420 1375 Livium

355 1427 419 1492 617
449 1423 558 1514 pondo
577 1422 699 1512 argenti
719 1421 972 1513 requirebantur.
1020 1424 1125 1488 Potest
1146 1435 1252 1488 autem
1273 1446 1347 1512 ager
1363 1421 1420 1486 ille

354 1536 387 1603 iu
418 1558 456 1601 eo
485 1533 676 1624 Campaniae
695 1546 799 1601 tractu
819 1535 897 1600 situs
916 1535 1028 1613 luisse,
1053 1557 1149 1625 quem
1168 1534 1268 1601 Poeni
1286 1557 1353 1599 non
1370 1535 1422 1599 in·

355 1660 534 1729 trarerant,
566 1648 651 1714 uude
678 1648 772 1714 facile
799 1649 977 1715 calumniae
999 1660 1092 1714 natae
1113 1661 1186 1714 sunt
1207 1648 1421 1719 Hannibalem

355 1760 404 1826 illi
434 1784 509 1851 agro
537 1761 727 1851 pepercisse.
777 1760 941 1851 Quidquid
970 1773 1036 1841 est,
1068 1762 1196 1828 nullum
1217 1759 1420 1827 commodum

354 1872 429 1939 inde
453 1873 570 1938 Fabius
592 1875 746 1965 percepit.

401 1985 492 2050 Fabii
521 1985 625 2052 lilium
654 1987 687 2052 io
718 1986 825 2053 castris
852 1986 989 2053 adfuisse
1015 1988 1146 2055 aliunde
1165 2008 1293 2077 quoque
1312 1998 1421 2051 notum

356 2110 416 2176 est,
441 2097 613 2164 Frontinus
634 2112 644 2149 1
667 2122 784 2190 nempe
806 2098 936 2165 tradidit
956 2100 1092 2166 Fabium
1112 2100 1286 2166 Maximum
1309 2121 1421 2189 quern·

356 2211 430 2278 dam
460 2210 601 2277 hortanti
623 2212 707 2291 lilio,
742 2226 777 2278 ut
805 2214 913 2278 locum
938 2213 1089 2280 idoneum
1109 2236 1284 2304 paucorum
1304 2212 1424 2278 iactura

359 2337 500 2414 caperet,
524 2326 723 2415 respondisse
752 2349 785 2391 se
812 2324 895 2392 illud
916 2326 1075 2392 facturum
1103 2325 1277 2391 dummodo
1301 2327 1367 2415 ipse
1387 2349 1423 2391 er

358 2438 424 2504 illis
443 2438 552 2528 paucis
574 2438 669 2505 rellet
694 2461 775 2517 esse;
799 2438 885 2504 cadit
911 2451 1016 2505 autem
1046 2438 1107 2504 hoc
1127 2437 1260 2505 testibus
1281 2438 1423 2504 Dionis2

359 2552 514 2642 eroerptis
554 2552 635 2617 circa
675 2550 754 2617 baec
795 2564 957 2642 tempora,
999 2551 1085 2642 quod
1105 2551 1263 2617 -Froatini
1290 2549 1425 2617 editores

359 2664 499 2754 fugerat,
533 2665 591 2753 qui
619 2664 702 2730 male
730 2664 922 2731 dubitabant
952 2687 1027 2754 ergo
1054 2675 1176 2731 essetne
1204 2665 1359 2733 Maximus
1387 2688 1426 2729 an

360 2777 481 2853 Rullus⁴
498 2776 727 2844 rescribendus.

405 2887 586 2954 Redeamus
602 2888 642 2953 ad
660 2890 851 2970 calumnias,
875 2892 908 2956 in
930 2890 1047 2980 quibus
1067 2890 1125 2956 toti
1143 2901 1216 2954 sunt
1236 2888 1378 2955 historici
1397 2896 1427 2968 3;

361 3001 497 3066 Romani
519 3023 584 3066 non
606 3002 651 3068 sic
675 3002 819 3068 solebant
839 3003 959 3069 bellum
984 3026 1109 3092 gerere,
1134 3014 1169 3067 ut
1187 3024 1272 3067 nunc
1290 3002 1429 3091 primum
1457 2990 1460 2997 ⁴

362 3114 478 3181 Fabius
498 3114 588 3193 fecit,
612 3135 685 3181 uam
706 3115 843 3183 adhaec
865 3138 965 3206 usque
993 3128 1135 3205 tempora
1154 3137 1278 3205 semper
1295 3114 1431 3207 aggressi

362 3240 452 3298 erant
470 3230 597 3318 quosvis
615 3228 733 3309 hostes,
753 3242 785 3294 et
802 3229 979 3319 superiores
995 3229 1210 3295 discesserant.
1243 3228 1339 3295 Nune
1357 3249 1430 3294 roro

362 3343 464 3408 maior
491 3343 660 3409 advenerat
687 3343 760 3422 ille,
785 3344 840 3433 qui
864 3343 966 3408 tribus
992 3343 1192 3408 atrocissimis
1212 3342 1344 3432 proeliis
1363 3363 1431 3407 rem

363 3455 542 3521 Romanam
557 3455 662 3521 delere
679 3456 855 3545 inceperat3
875 3467 1017 3545 tempore
1028 3454 1054 3518 F
1056 3454 1145 3519 abins
1161 3453 1358 3543 supervenit,
1376 3453 1434 3543 qui

365 3567 464 3634 alium
484 3567 627 3633 bellandi
646 3567 778 3633 modum
797 3568 918 3658 requiri
939 3582 1140 3658 perspectum
1161 3565 1314 3645 babebat,
1337 3567 1434 3631 etsie

365 3680 548 3747 felicissimo
578 3703 725 3747 successu
754 3703 820 3746 rem
848 3681 1012 3746 labentem
1032 3680 1169 3745 restituit
1191 3679 1311 3771 primo,
1334 3700 1433 3768 quam

366 3818 440 3862 mor
470 3795 525 3860 alii
553 3795 783 3862 stabiliverunt.
831 3794 938 3860 Facile
963 3793 1170 3882 intelligimus
1200 3792 1291 3860 ralde
1319 3790 1435 3882 displi-

367 3908 468 3974 cuisse
489 3907 640 3972 Romanis
664 3910 791 3973 iteratas
818 3907 938 3985 clades,
962 3918 994 3971 et
1014 3905 1137 3970 etiamsi
1157 3905 1223 3969 istis
1243 3905 1342 3969 linem
1370 3904 1434 3969 Fa-

367 4022 439 4088 bius
470 4021 682 4112 imposuisset,
715 4020 835 4085 nullius
863 4018 1013 4086 victoriae
1044 4018 1175 4083 nuntius
1194 4018 1315 4082 animos
1335 4017 1438 4108 trepi-

369 4134 513 4200 dantium
532 4134 721 4199 firmarerat.
768 4132 851 4198 Hinc
870 4133 944 4198 illae
968 4132 1146 4197 calumniae
1166 4141 1273 4211 natae,
1298 4153 1379 4221 quae
1400 4153 1437 4196 re

400 4339 420 4404 ¹)
439 4334 516 4389 Strui.
532 4338 580 4391 IV.
597 4341 611 4386 6
627 4338 639 4402 d
657 4342 679 4386 l.
732 4335 752 4406 ἲ)
769 4338 813 4388 Fr.
829 4344 870 4390 57.
890 4343 929 4389 10.
981 4334 1001 4403 5)
1019 4338 1109 4402 Polyb.
1124 4337 1176 4387 III.
1193 4342 1240 4398 89,
1258 4341 1291 4386 94
1308 4337 1361 4400 §8‚
1382 4341 1448 4396 1033

364 4426 421 4479 Liv.
440 4424 535 4483 XXII,
561 4428 606 4483 12,
633 4429 678 4482 14,
703 4429 749 4484 2⁵3
772 4424 819 4475 Sil.
834 4424 892 4473 Ital.
910 4424 973 4474 VII.
993 4428 1043 4474 504
1061 4439 1128 4489 aqq.;
1147 4422 1215 4473 Plot.
1232 4420 1295 4471 Feb.
1315 4427 1345 4484 5,
1364 4426 1395 4486 8,
1414 4426 1446 4485 9,

366 4507 428 4574 Reg.
447 4516 470 4557 et
486 4506 542 4575 inq).
561 4508 674 4574 upopltd.
693 4507 755 4558 Fae.
777 4514 804 4568 13
823 4509 890 4574 App.
910 4506 978 4558 Han.
1001 4514 1045 4568 123
1064 4507 1251 4561 Zonar.V111.
1271 4511 1313 4557 25.
