3210 5300
475 439 496 522 ς
520 441 547 501 l.
569 458 761 503 cunastosn.
781 440 803 523 5
824 442 853 505 2.
875 459 990 504 seorsis
1011 443 1080 509 set.
1253 444 1314 507 299

248 635 336 702 terris
364 634 547 725 subigendis
577 646 610 701 et
639 634 772 702 coloniis
801 637 974 706 firmandis.
1034 637 1146 704 Tradit
1175 639 1311 705 Zonaras

242 750 327 815 inter
351 751 415 816 485
438 760 470 813 et
492 751 556 815 489
576 748 673 839 ipsius
694 748 844 814 Graeciae
865 750 986 816 incolas
1007 773 1098 841 aegre
1121 751 1235 818 vidisse
1255 753 1307 818 iu·

245 874 371 952 gentem
409 883 578 927 numerum
614 861 813 928 coloniarum
852 863 1089 944 Romanarum,
1121 887 1158 930 er
1193 866 1310 956 quibus

247 973 332 1040 lraud
362 997 460 1039 vanus
491 986 592 1039 terror
615 974 652 1040 iis
672 975 880 1055 nascebatnr;
909 999 969 1042 nec
990 977 1119 1057 dubito,
1144 979 1222 1069 quin
1244 980 1312 1044 Ro·

247 1088 333 1154 mani
365 1087 559 1153 traiecissent
590 1087 623 1152 in
652 1087 833 1165 Graeciam,
864 1089 925 1153 nisi
950 1112 1024 1156 cum
1048 1091 1162 1156 Poenis
1186 1114 1234 1157 res
1256 1114 1313 1182 ge-

246 1202 346 1268 renda
365 1201 485 1267 fuisset.
534 1200 750 1293 Apolloniates
776 1213 853 1267 tunc
869 1202 1023 1268 miserunt
1039 1204 1173 1269 Romam
1192 1203 1312 1294 legatos

247 1313 287 1382 de
315 1337 349 1381 re
381 1315 526 1381 Romana
554 1326 754 1381 excrescente
778 1327 962 1405 questuros,
985 1340 1060 1383 nam
1086 1306 1254 1408 Apollonia
1279 1330 1313 1385 et

246 1425 452 1493 Brundisium
478 1426 663 1494 brevissimo
698 1450 780 1518 quae
805 1427 924 1494 distant
949 1429 1051 1521 spatio
1078 1430 1217 1522 primum
1242 1454 1312 1498 me-

247 1540 382 1606 tuebant
410 1538 576 1628 impetum.
625 1535 687 1621 Qui
711 1537 807 1628 legati
833 1538 867 1604 in
887 1551 1000 1605 senatu
1020 1540 1121 1606 auditi
1140 1553 1233 1619 snut,
1256 1541 1312 1608 sed

215 1710 218 1716 .
248 1651 284 1737 Q.
315 1650 433 1717 Fabius
463 1662 494 1716 et
525 1649 584 1719 Gn.
616 1650 773 1741 Apronius
802 1650 921 1718 aediles
943 1667 1010 1718 orta
1030 1653 1237 1721 contentione
1257 1677 1312 1721 eos

247 1765 430 1856 pulsarunt,
453 1775 490 1828 ut
514 1762 659 1828 Valerius
681 1764 787 1829 tradit.

291 1877 345 1945 Ius
365 1876 508 1967 gentium
529 1876 682 1941 violatum
701 1875 868 1942 videbatur
887 1890 918 1943 et
938 1876 1045 1944 hercle
1063 1891 1148 1958 erat,
1172 1902 1232 1945 nec
1249 1880 1313 1946 rni-

248 2014 319 2057 rum
343 1990 429 2082 quod
447 1990 505 2055 ubi
521 2000 724 2055 ssnatusrem
737 2002 918 2079 compertus
934 2003 998 2069 est,
1016 1992 1142 2058 iusserit
1160 1993 1315 2059 continuo

248 2104 384 2171 Fabium
404 2116 436 2169 et
459 2102 635 2194 Apronium
654 2125 711 2194 per
732 2102 854 2168 fetiales
883 2103 1014 2170 dedier
1034 2106 1192 2170 constanti
1214 2129 1314 2172 more.

249 2217 311 2302 Qui
335 2240 376 2283 ue
400 2218 431 2282 in
456 2217 571 2282 itinere
591 2238 608 2280 a
628 2214 771 2304 cognatis
789 2214 923 2282 istorum
945 2216 1093 2281 iniuriam
1114 2218 1313 2307 acciperent,

248 2343 399 2422 quaestor
428 2331 530 2394 iussus
557 2340 604 2394 est
635 2328 710 2393 istos
735 2326 941 2394 Brundisium
973 2328 1127 2393 comitari.
1180 2328 1315 2418 Apollo·

249 2445 334 2510 niam
359 2443 456 2533 legati
481 2464 554 2507 cum
575 2440 691 2507 deditis
713 2441 852 2520 rediere,
875 2441 930 2507 sed
952 2465 1016 2507 non
1036 2441 1160 2532 placuit
1180 2441 1314 2531 Apollo-

250 2557 389 2623 niatibus
407 2554 532 2622 deditos
551 2555 712 2646 recipere,
741 2576 800 2620 nec
830 2554 968 2634 mirum,
991 2577 1065 2619 nam
1088 2554 1168 2618 belli
1188 2576 1314 2620 causam

249 2670 325 2737 inde
350 2670 510 2736 duxissent
531 2668 679 2734 Romani.
725 2668 855 2734 Reversi
877 2679 951 2733 sunt
971 2668 1080 2758 itaque
1098 2666 1148 2731 illi
1168 2667 1315 2757 quidem,

251 2784 319 2850 iure
336 2783 526 2873 postliminii
553 2782 667 2872 capitis
696 2779 942 2848 diminutionem
972 2803 1036 2846 non
1061 2781 1201 2871 perpessi
1222 2791 1315 2859 sunt,

251 2895 304 2962 sed
325 2896 406 2961 viam
427 2894 467 2960 ad
487 2894 624 2960 honores
643 2893 772 2960 altiores
790 2893 851 2959 sibi
869 2893 1124 2960 intercluserant.

295 3009 485 3085 Dubitatnr,
515 3020 623 3073 utrum
649 3007 767 3073 Fabius
787 3007 873 3074 solus
893 3007 1020 3073 deditus
1042 3007 1154 3086 fuerit,
1177 3030 1217 3073 an
1237 3006 1318 3074 alter

251 3145 399 3214 quoque,
432 3120 567 3186 Zonaras
595 3119 682 3186 illius
707 3132 831 3186 tantum
855 3121 931 3186 lecit
951 3121 1154 3187 mentionem.
1202 3118 1317 3210 Neque

252 3247 375 3302 constat
399 3234 561 3300 fuerintne
581 3232 630 3297 illi
650 3230 768 3299 aediles
788 3256 829 3299 an
849 3233 997 3311 aedilicii,
1025 3255 1089 3322 quo
1111 3233 1239 3297 nomine
1262 3258 1317 3299 va·

252 3350 335 3416 siant
362 3348 507 3426 codices3
539 3367 645 3435 neque
672 3345 816 3435 analogia
845 3369 915 3413 rem
942 3346 1090 3423 conlinit,
1119 3346 1273 3435 praetoris
1304 3360 1314 3397 ¹

252 3463 336 3528 enirn
365 3482 481 3528 munus
509 3459 605 3527 fuisse
634 3460 737 3525 fertur
765 3460 938 3550 hospitium
968 3457 1134 3549 publicum
1163 3458 1318 3548 praehere

252 3576 364 3665 legatis
406 3585 585 3641 exterarum
624 3572 800 3641 nationum.
856 3572 917 3637 llio
947 3584 980 3638 et
1014 3572 1149 3637 Zonaras
1182 3571 1319 3639 Fabium

253 3701 434 3755 senatorem
450 3686 548 3767 dixit,
565 3698 674 3751 contra
698 3685 781 3751 Livii
802 3686 995 3776 epitomator
1015 3686 1171 3777 quosdam
1190 3685 1319 3753 iuvenes

254 3802 394 3892 pulsasse
425 3802 544 3890 legatos
575 3799 716 3891 scripsit;
751 3798 891 3889 denique
920 3820 986 3865 non
1024 3794 1201 3887 urgendum
1230 3798 1319 3864 ride-

255 3927 308 3981 tur
322 3914 487 3981 Liuianum
506 3913 589 3980 illud
608 3926 642 3978 et
657 3935 730 3979 cnm
742 3911 870 3979 Valerio
890 3933 964 3978 eum
986 3911 1123 3980 aedilem
1142 3911 1319 4005 posuerim,

257 4029 308 4095 oui
339 4028 385 4093 rei
409 4028 484 4094 anni
512 4049 575 4092 non
603 4027 740 4094 obstant.

284 4272 304 4341 ¹)
320 4274 377 4326 arv.
396 4272 439 4323 x„
450 4276 498 4337 45,
516 4270 606 4323 xxx.
625 4277 671 4334 n,
688 4271 819 4323 xxxrv.
837 4274 885 4332 rr,
903 4270 987 4324 xcv.
1006 4276 1048 4321 ss.

678 4458 887 4478 Μ
