3194 5302
342 452 384 516 62
425 447 965 530 criniosumu.n.vrnuus1tus(5).
992 450 1052 531 Μ.
1070 468 1180 512 cousus
1192 453 1248 513 111.
1259 452 1330 516 295.

346 647 468 712 invenit
498 645 606 712 Livius
637 657 668 725 ¹,
699 644 822 709 bellum
838 643 920 709 illud
938 642 973 709 L.
994 643 1178 711 Cornelium
1198 645 1328 735 gessisse
1349 669 1408 737 op·

344 759 521 851 pidumque
542 760 661 850 cepisse
685 769 807 823 certum
827 756 983 822 affirmare
1003 781 1066 823 nou
1084 756 1195 834 audet,
1218 758 1292 848 quia
1312 760 1406 825 nulla

345 872 429 963 apud
460 871 645 938 vetustiores
674 870 841 962 scriptores
868 871 935 936 eius
962 871 1008 936 rei
1037 870 1159 936 mentio
1180 885 1236 940 est
1283 871 1405 938 Ducem

346 986 471 1054 Liuium
497 1005 629 1075 sequor,
662 983 794 1050 eredens
813 983 896 1049 hauc
916 1007 1048 1074 quoque
1065 984 1183 1050 famam
1202 1007 1268 1051 esse
1288 986 1407 1076 repeti-

344 1111 408 1164 tam
438 1120 476 1164 ex
504 1099 607 1189 gentis
635 1097 804 1164 Corneliae
829 1099 1080 1177 commentariis,
1110 1097 1195 1164 unde
1221 1103 1255 1163 in
1278 1098 1410 1165 annales

343 1210 498 1300 quosdam
537 1209 653 1302 pedem
693 1210 818 1289 intulit,
851 1209 927 1276 dnm
965 1212 1152 1276 vetustiores
1182 1211 1247 1277 alto
1279 1211 1407 1277 silentio

343 1322 558 1389 delectionem
585 1322 783 1413 premebant
831 1321 963 1389 Constat
990 1324 1054 1389 iam
1074 1336 1204 1389 auctore
1226 1323 1317 1390 Lirio
1339 1324 1407 1397 sn-

341 1437 424 1502 tium
449 1459 514 1502 uon
540 1435 708 1514 defecisse,
737 1459 871 1527 eamque
890 1437 1008 1502 lamam
1032 1437 1261 1503 recentioribus
1281 1437 1408 1515 deberi;

343 1548 430 1639 quod
459 1570 559 1639 quum
590 1549 635 1614 ita
663 1549 718 1628 sit,
747 1551 846 1614 miror
876 1549 981 1639 ipsum
1001 1549 1126 1616 Livium
1147 1548 1326 1615 describere
1345 1571 1405 1640 po·

342 1660 454 1739 tuisse,
487 1660 620 1727 Antium
645 1660 786 1751 legiones
807 1683 873 1728 esse
892 1660 1003 1728 ductas
1024 1685 1041 1726 a
1061 1661 1177 1740 Fabio,
1199 1661 1310 1752 ibique
1330 1684 1406 1728 cum

341 1796 414 1839 cum
444 1773 590 1839 Hernicis
618 1785 650 1839 et
679 1773 801 1840 Latinis
828 1794 985 1865 pugnasse
1009 1786 1122 1840 contra
1141 1773 1291 1854 Volscos,
1315 1786 1405 1840 aute-

341 1908 437 1978 quam
455 1886 656 1954 advenissent
670 1887 788 1978 Aequi,
804 1909 923 1978 eosque
937 1886 1121 1954 deturbasse
1136 1899 1168 1953 et
1183 1887 1294 1954 eastris
1304 1909 1405 1977 erpu-

339 2001 412 2067 lisse
431 2022 545 2091 magua
564 2000 681 2092 praeda
700 2000 850 2091 potitum.
897 1999 1078 2067 Gohaereut
1103 2001 1182 2067 haec
1203 2000 1309 2066 omnia
1329 2021 1405 2066 cum

338 2114 520 2180 defectione
538 2112 625 2180 illius
644 2113 788 2180 coloniae
804 2125 836 2179 et
847 2113 967 2180 cadunt
978 2114 1004 2180 si
1015 2137 1085 2180 eam
1097 2115 1130 2179 in
1141 2113 1403 2204 lideperdumsse

339 2248 463 2293 sumere
483 2227 569 2293 licet.
617 2226 786 2315 Dionysius
808 2249 881 2293 vero
906 2227 969 2292 hoc
989 2227 1113 2294 bellum
1135 2240 1206 2319 post
1228 2227 1403 2293 Tusculum

338 2352 503 2431 receptum
523 2339 675 2406 accidisse
693 2338 803 2420 tradit,
822 2352 855 2405 et
870 2341 1104 2406 accuratissime
1123 2340 1205 2406 illud
1221 2340 1401 2430 descripsit,

337 2454 460 2519 etiamsi
480 2474 657 2544 numquam
676 2465 801 2544 gestum
821 2478 840 2521 a
858 2452 1023 2533 Cornelio,
1044 2453 1100 2543 qui
1117 2452 1239 2519 Romae
1253 2452 1405 2519 mansisse

337 2589 353 2631 o
381 2565 472 2632 Livio
498 2566 615 2632 diserte
640 2566 751 2633 lertur.
798 2565 917 2632 Inoidit
940 2586 1055 2657 nempe
1076 2564 1252 2631 secundum
1272 2588 1345 2632 eum
1367 2566 1401 2631 in

338 2678 482 2743 Antiates
509 2700 547 2743 er
576 2678 733 2743 Ecetrauo
759 2701 835 2769 egro
853 2701 1011 2758 resersus,
1038 2700 1148 2745 rerum
1168 2677 1254 2744 haud
1276 2679 1341 2745 scio
1360 2702 1401 2745 an

335 2803 413 2855 tunc
429 2789 461 2854 iu
479 2789 668 2856 Volscorum
685 2779 793 2880 aprum
813 2790 894 2857 adeo
909 2794 1121 2881 perrexerint,
1136 2814 1236 2883 quum
1252 2792 1303 2858 rel
1320 2793 1401 2858 Tus-

335 2902 447 2968 culum
467 2914 534 2967 erat
548 2902 784 2993 recipiendum3
803 2903 913 2970 urbem
929 2904 1050 2996 recepit
1067 2904 1108 2970 ab
1124 2904 1307 2973 Antiatibus
1325 2926 1402 2994 agro

334 3014 504 3106 praedato,
526 3015 696 3105 omniaque
717 3038 754 3081 ex
774 3016 854 3082 urbe
872 3017 1022 3098 abstulit,
1044 3017 1122 3083 belli
1143 3029 1286 3084 auctores
1306 3015 1401 3083 deni·

334 3150 398 3218 que
418 3141 521 3194 morte
539 3150 661 3218 poenas
682 3127 854 3207 dederuut,
879 3142 955 3196 tuuc
975 3132 1083 3221 quiete
1101 3130 1238 3197 Romam
1257 3153 1402 3197 resersus

334 3251 391 3305 cst.
440 3238 527 3323 Quae
556 3240 582 3304 si
610 3262 720 3306 resera
739 3239 906 3307 deiecisset
926 3242 1068 3321 colonia,
1093 3243 1198 3308 multo
1215 3244 1339 3334 grauius
1363 3244 1400 3310 iu

333 3374 403 3418 cam
432 3352 726 3420 animadvertissent
753 3354 905 3435 Romani,
935 3367 970 3423 ut
997 3356 1086 3421 verbi
1110 3378 1203 3422 causa
1228 3380 1311 3422 auuc
1332 3362 1401 3426 288

333 3465 490 3542 fecerant,
521 3477 553 3530 et
582 3466 709 3532 nonnisi
735 3490 851 3558 magno
877 3468 1034 3558 praesidio
1058 3469 1171 3536 relicto
1193 3468 1400 3537 domumre·

333 3577 474 3646 diisseut.

377 3690 446 3757 lam
466 3690 621 3759 habemus
640 3691 695 3758 hic
713 3693 821 3760 locurn
847 3694 1023 3785 egregium,
1052 3694 1138 3762 unde
1163 3695 1294 3786 colligas
1316 3695 1397 3786 quid

332 3804 484 3871 deFastis
499 3804 748 3897 triumphalibus
766 3807 971 3874 statuendum
987 3808 1042 3887 sit,
1060 3831 1197 3898 quorum
1216 3808 1398 3875 veneranda

331 3916 411 3984 fides
439 3929 536 4007 atque
562 3918 734 4008 antiquitas
752 3941 828 3985 care
848 3942 891 3987 ne
908 3919 968 3985 tibi
985 3921 1166 4011 imponant,
1190 3944 1263 3987 uam
1283 3921 1399 3987 llasto·

330 4054 401 4096 rum
420 4043 565 4097 auctores
586 4030 731 4119 Dionysii
748 4033 865 4100 famam
885 4032 1101 4124 pulchriorem
1128 4035 1259 4125 quidem
1279 4035 1334 4100 sed
1354 4057 1397 4100 eo

330 4143 495 4210 salsiorem
524 4146 614 4234 sequi
642 4145 784 4212 maluere
809 4170 904 4238 quam
930 4146 1066 4215 Livium.
1106 4147 1214 4215 Livius
1234 4150 1320 4215 enim
1340 4171 1397 4215 eos

329 4256 540 4348 triumphasse
559 4258 700 4350 scripsit3
723 4258 893 4350 Dionysius
916 4283 989 4328 vero
1014 4260 1110 4328 tradit
1131 4264 1257 4353 utrique
1277 4284 1397 4329 consu-

356 4505 376 4575 1)
393 4509 444 4558 111.
463 4513 504 4558 aa.
