3190 5304
633 474 654 557 5
674 474 703 537 2.
724 492 857 536 rareron
878 477 947 538 673.
1271 472 1330 535 379

264 669 356 735 istam
385 666 567 732 orationem
589 664 642 731 sed
668 666 792 732 iussisse
817 678 922 758 patres
942 666 981 733 ad
1001 666 1148 733 eonsules
1167 656 1326 744 redirent,

264 779 380 871 quibus
401 790 527 845 senatus
548 777 725 844 crediturus
744 790 821 846 erat.
868 780 915 845 Er
942 779 1058 871 quibus
1082 779 1212 845 abunde
1236 790 1327 871 patet

264 890 384 982 legatos
403 891 538 957 Romam
558 893 679 958 venisse
696 903 728 957 et
743 891 783 957 ad
803 892 950 958 eonsules
968 894 1001 958 in
1018 893 1212 984 provinciam
1230 892 1327 981 igitur

263 1005 310 1070 ire
338 1005 438 1071 iussos
463 1028 544 1084 esse3
568 1027 644 1095 ergo
667 1005 789 1070 fallitur
808 1004 967 1071 Dederieh
989 1017 1017 1084 ¹,
1041 1006 1098 1096 qui
1117 1028 1154 1071 ex
1176 1004 1225 1070 his
1245 1005 1325 1069 loeis

265 1117 394 1208 collegit
421 1118 553 1185 Fabium
583 1119 617 1185 in
644 1119 805 1210 Liguriam
833 1120 963 1186 missum
990 1143 1057 1187 esse
1080 1120 1191 1210 ibique
1212 1141 1325 1210 paoem

265 1231 488 1323 composuisse.

710 1436 867 1446 nnn—.-

658 1580 841 1666 CAPUT
873 1592 938 1667 XI.

295 1772 431 1833 ourrrus
453 1771 571 1821 remus
594 1772 623 1833 o.
643 1772 674 1821 r.
697 1753 754 1845 (o.)
777 1770 810 1822 u.
832 1772 982 1820 unximus
1001 1772 1203 1821 anurnmuus
1218 1753 1301 1843 (48).

372 1937 390 2020 ς
418 1938 445 2000 t.
493 1934 598 2001 Miles
622 1937 659 1999 in
681 1935 762 2000 bello
784 1959 856 2000 eum
879 1934 1005 2000 Perseo
1031 1937 1221 2002 586-587.

310 2116 481 2182 Videamus
499 2114 539 2181 de
560 2115 680 2199 Quinto
695 2115 754 2181 illo
766 2115 917 2194 Maximo,
937 2116 994 2205 qui
1012 2138 1051 2180 ue
1068 2116 1329 2181 intermoreretur

263 2228 443 2297 Fabianum
461 2251 595 2306 nomen,
614 2227 782 2317 adoptatus
803 2238 849 2291 est
868 2226 908 2290 ab
930 2249 992 2291 uuo
1011 2249 1028 2291 e
1048 2225 1209 2305 Maximis,
1232 2238 1327 2290 natu-

263 2341 339 2408 ralis
359 2342 446 2407 filius
464 2352 542 2407 natu
561 2341 715 2407 maximus
736 2342 772 2408 L.
796 2340 923 2406 Aemilii
945 2340 1038 2405 Pauli
1057 2351 1088 2418 2;
1105 2338 1251 2404 habebat
1273 2338 1327 2405 hio

265 2466 403 2546 quatuor
435 2455 535 2534 filios,
566 2464 663 2543 atque
692 2453 760 2518 sine
790 2451 895 2541 stirpis
924 2473 997 2516 suae
1033 2449 1225 2516 detrimento
1258 2474 1328 2517 ore·

265 2567 362 2633 debat
388 2590 489 2633 uuum
509 2566 546 2650 Q.
564 2566 663 2632 Fabio
685 2565 822 2631 Maximo
848 2564 917 2630 dari
936 2564 1083 2655 possein
1105 2563 1328 2654 adoptionem,

264 2681 400 2746 alterum
430 2681 465 2746 P.
487 2679 636 2746 Cornelio
656 2676 799 2769 Scipioni
826 2679 883 2768 qui
903 2690 1013 2768 postea
1035 2677 1201 2742 Africanus
1221 2676 1327 2742 MInor

263 2808 312 2861 est
332 2794 590 2884 cognominatum
613 2803 645 2858 et
665 2805 772 2858 temen
792 2793 1000 2857 intermortua
1015 2801 1062 2856 est
1081 2790 1172 2855 Pauli
1189 2789 1326 2870 familia,

263 2931 337 2973 nam
372 2929 452 2997 quos
479 2906 540 2972 sibi
567 2905 646 2972 duos
670 2916 880 2996 praetextatos
911 2915 1110 2982 reservasset,
1142 2915 1208 2968 atra
1243 2927 1329 2969 mors

263 3022 455 3110 necopinato
488 3019 636 3097 abstulit,
665 3041 765 3084 unum
789 3020 899 3109 paucis
925 3019 1037 3084 diebus
1068 3032 1158 3097 ente,
1192 3017 1328 3083 alterum

261 3135 372 3225 paucis
393 3144 465 3224 post
484 3130 699 3223 triumphum,
719 3132 763 3197 sie
779 3131 834 3199 ille
855 3132 889 3197 in
906 3132 1042 3197 orbitate
1062 3131 1203 3196 filiorum
1222 3130 1328 3196 subito

263 3246 434 3312 destitutus
458 3256 515 3312 est.

310 3361 447 3445 Quintus
475 3371 583 3426 noster
610 3371 688 3425 natu
715 3358 870 3427 maximus
896 3371 962 3424 erat
988 3380 1006 3422 e
1035 3357 1159 3447 Papiria
1186 3355 1329 3421 Musonis

263 3475 332 3539 iilia
355 3486 383 3553 ³,
407 3486 439 3540 et
459 3497 523 3539 nou
544 3485 617 3538 aute
637 3495 756 3538 anuum
778 3477 842 3538 575
863 3472 897 3537 in
918 3470 1049 3536 Fabiam
1070 3469 1201 3535 domum
1226 3480 1329 3533 trans·

263 3586 317 3667 iit,
340 3610 412 3653 nam
438 3600 515 3653 tuno
536 3586 665 3653 demum
685 3601 777 3653 natus
799 3598 846 3652 est
864 3585 965 3651 Paulo
984 3585 1095 3650 tertius
1115 3584 1200 3650 filius
1221 3595 1244 3648 ⁴.

309 3698 438 3767 Cadunt
468 3701 504 3769 L.
528 3702 657 3768 aemilii
682 3701 772 3766 Pauli
800 3700 942 3765 facinora
960 3699 994 3764 in
1013 3698 1098 3764 bello
1120 3694 1327 3763 Macedonico

263 3813 412 3881 adversus
433 3815 544 3880 Persea
563 3827 648 3904 gesta
667 3814 700 3879 in
720 3835 837 3879 annum
857 3816 921 3880 586
938 3825 970 3878 et
985 3823 1188 3903 sequentem3
1211 3807 1328 3899 quibus

263 3927 410 3994 interfuit
447 3929 534 3996 filius
567 3930 637 3996 eius
672 3940 749 3994 netu
779 3927 950 4006 maximus,
985 3924 1180 3992 Aemilianus
1209 3935 1327 3989 noster.

291 4192 313 4259 ¹)
330 4196 394 4259 Peg.
413 4200 455 4245 28.
525 4193 545 4262 ²)
563 4196 654 4261 Polyb.
676 4195 780 4246 XVIII.
801 4198 831 4243 18
852 4195 867 4256 ξ
885 4198 915 4254 6,
933 4192 1037 4243 XXIX.
1057 4196 1071 4242 6
1091 4194 1106 4255 ξ
1124 4198 1154 4251 23
1171 4191 1229 4241 Liv.
1248 4189 1333 4241 XLV.

256 4285 305 4340 4ος
322 4281 393 4333 Vell.
419 4281 475 4331 Pat.
500 4281 523 4331 I.
545 4285 575 4330 10
595 4282 610 4343 ξ
627 4287 657 4341 3;
682 4281 743 4332 Vel.
760 4279 833 4329 Max.
852 4281 886 4329 V.
909 4283 949 4329 10.
974 4283 1005 4339 25
1030 4276 1084 4328 oie.
1109 4274 1179 4326 teet.
1207 4281 1237 4325 19
1255 4275 1268 4340 l
1286 4279 1334 4334 693

253 4365 325 4415 Plut.
349 4361 416 4415 Aem.
441 4370 466 4425 5,
484 4370 527 4425 35,
550 4362 612 4429 Rep.
631 4372 653 4413 et
669 4364 726 4431 tom.
744 4363 857 4430 apophth.
875 4358 942 4412 Aem.
962 4368 990 4424 93
1015 4362 1083 4428 App.
1101 4359 1177 4427 Hisp.
1197 4364 1245 4421 65,
1264 4357 1334 4409 Mac.

256 4451 304 4507 173
321 4449 396 4498 Diod.
413 4449 463 4502 sie.
481 4445 587 4500 XXXI.
604 4455 648 4500 38.
699 4446 719 4517 ὅ)
737 4450 804 4502 Plnt.
816 4443 883 4498 Aem.
901 4452 926 4498 5.
979 4444 1000 4515 ⁴)
1017 4432 1075 4500 Liv.¹
1092 4445 1177 4499 XLV.
1197 4452 1245 4505 403
1263 4444 1332 4496 Plut.

250 4529 322 4583 atem.
341 4537 383 4585 ³5.
