3194 5302
293 473 322 526 n.
343 472 447 518 rsmns
466 473 497 518 rr.
519 474 547 516 r.
569 472 597 517 r.
619 469 647 514 n.
669 469 832 515 rrnussnns
851 453 907 537 (5).
938 454 1003 537 §L
1024 471 1123 516 serss.
1205 455 1245 516 53

117 712 123 725 ,
177 671 245 739 rege
265 661 386 716 creatos
402 671 488 731 esse,
506 671 616 716 rerum
633 649 760 715 nonnisi
775 671 834 740 per
853 654 894 716 10
911 649 978 716 dies
995 649 1059 716 duo
1075 648 1138 727 illi,
1155 668 1235 737 quos

173 773 340 840 memorat,
369 761 565 853 reipublicae
583 761 806 852 praefuerunt3
838 761 878 829 ad
902 785 997 854 quem
1019 759 1235 829 extraordina-

172 875 251 941 rium
268 875 487 964 magistratum
502 874 730 941 recurrendum
747 886 830 961 erat,
850 875 964 942 ominis
979 896 1085 956 causa,
1105 875 1235 965 opinor,

171 987 257 1052 nefas
274 986 360 1054 enirn
381 986 549 1054 videbatur
564 987 694 1054 comitia
711 988 892 1054 consulario
909 987 1022 1055 baberi
1039 986 1080 1053 ab
1097 1009 1136 1052 eo
1154 1006 1234 1050 con·

171 1100 253 1179 sule,
274 1122 342 1190 quo
363 1100 542 1193 respublica
562 1111 611 1167 tot
630 1101 715 1166 mola
734 1123 884 1193 perpesse
903 1113 980 1169 eret.

587 1304 777 1319 m

567 1446 756 1521 CAPUT
785 1446 829 1523 V.

303 1624 442 1686 nurnrns
463 1624 581 1672 remus
604 1625 638 1674 u.
662 1625 690 1673 r.
715 1625 746 1673 r.
773 1625 804 1672 n.
828 1623 1014 1673 rrnumuus
1037 1606 1095 1696 (5).

583 1759 601 1843 §
630 1761 657 1824 l.
692 1755 809 1824 Aetas.

255 1906 375 1971 »Tunc
398 1928 479 1996 puer
502 1905 648 1996 impubes
673 1918 705 1972 et
729 1906 835 1972 adbuc
859 1929 923 1972 non
949 1905 1035 1972 utilis
1060 1908 1153 1973 armis

343 2017 464 2086 »Unus
490 2015 530 2084 de
554 2017 652 2084 Fabia
677 2029 770 2109 gente
794 2017 924 2083 relictus
947 2021 1043 2083 erat.”

208 2129 265 2196 Sic
295 2128 428 2197 Ovidius
456 2130 619 2220 eleganter
647 2130 779 2210 cecinit,
814 2152 896 2220 quae
922 2129 1008 2195 lama
1033 2131 1097 2196 οὔτ’
1119 2133 1231 2209 ἀληθὲς

164 2241 192 2306 ὃν
221 2243 292 2309 οὔτε
320 2242 462 2316 πιθανόν,
495 2253 531 2307 nt
555 2242 725 2330 Dionysius
747 2241 842 2321 dicit,
866 2240 906 2306 ab
929 2243 1077 2308 omnibns
1097 2244 1232 2334 scripto·

164 2353 276 2419 ribus¹
303 2353 474 2420 memoriae
495 2354 610 2422 tradita
630 2367 676 2422 est
683 2378 692 2434 ;
717 2355 821 2421 noluit
841 2378 910 2422 earn
929 2364 1121 2437 παραλιπεῖν
1137 2358 1231 2430 cirsi-

163 2468 295 2532 s'rarror
337 2479 369 2532 et
409 2467 500 2533 bonis
528 2468 723 2558 argumentis
760 2466 913 2534 labellarn
945 2467 1091 2558 explosit.
1148 2467 1233 2535 Fieri

163 2601 227 2644 non
247 2591 371 2670 potest,
393 2581 452 2659 ait,
476 2592 512 2646 nt
531 2581 613 2647 nulli
628 2604 665 2646 er
682 2581 737 2659 iis,
755 2580 810 2672 qui
826 2580 859 2645 in
882 2579 1074 2671 praesidium
1095 2580 1233 2671 proiecti

162 2704 271 2772 erant,
305 2693 398 2758 liberi
428 2705 483 2758 aut
513 2714 624 2759 uxores
660 2705 779 2773 essent,
813 2715 887 2758 num
924 2692 1055 2784 antiqua
1093 2691 1144 2759 ler
1178 2716 1231 2760 eos

163 2804 295 2870 iubebat
311 2828 440 2872 uxorem
460 2806 577 2871 ducere
597 2828 757 2871 sacrorum
778 2824 889 2886 causn3
905 2805 957 2872 iao
976 2817 1082 2871 tamen
1094 2805 1137 2872 ita
1149 2830 1230 2886 esse,

163 2929 194 2982 et
224 2918 350 2985 nullum
368 2942 403 2986 er
423 2919 461 2985 iis
481 2918 629 2985 habuisse
648 2919 777 2985 fratrem
799 2919 971 2996 minorem,
994 2941 1102 2984 nonne
1126 2932 1230 3010 patres

161 3029 249 3096 domi
270 3031 437 3121 quierant
458 3031 563 3096 relicti
588 3031 708 3103 ἑκόντες
734 3055 770 3097 τε
794 3031 847 3096 nul
874 3030 1002 3102 ἄκοντες
1028 3054 1126 3097 noros
1146 3033 1229 3098 filios

159 3144 418 3233 progenuissent,
449 3167 492 3209 nc
521 3155 586 3209 tarn
617 3143 727 3209 nobile
749 3166 868 3209 nomen
895 3143 1056 3224 interiret3
1081 3144 1114 3209 in
1140 3157 1229 3211 tento

161 3255 299 3322 virorum
327 3278 462 3322 numero
488 3255 559 3321 fieri
584 3277 650 3319 non
669 3255 790 3345 potuit,
815 3265 850 3319 ut
873 3253 956 3318 nulli
977 3253 1078 3319 teneri
1100 3254 1159 3320 filii
1178 3280 1228 3321 es·

162 3379 229 3433 sent
246 3368 369 3447 relicti,
393 3391 499 3459 neque
520 3367 666 3459 gravidae
688 3389 817 3447 uxores,
840 3388 945 3457 neque
964 3376 1070 3456 potres
1091 3368 1121 3431 ἒν
1136 3369 1226 3452 dung

159 3492 284 3570 praeter
301 3481 432 3546 unicum
449 3480 542 3546 illurn
563 3480 772 3571 impuberem.
806 3478 952 3570 Denique
970 3478 1088 3545 lamam
1106 3480 1228 3569 Diony-

161 3594 221 3658 sius
252 3593 297 3658 sic
327 3593 479 3684 explicat,
513 3615 550 3658 er
580 3592 681 3658 tribus
712 3591 863 3658 iratribus
893 3591 1086 3681 superfuisse
1118 3593 1225 3659 Marco

160 3716 283 3771 tanturn
312 3706 460 3771 iuvenem
487 3728 577 3784 eum,
611 3706 667 3796 qui
693 3716 804 3797 postea
835 3703 963 3770 adultus
990 3704 1073 3771 nulli
1102 3728 1138 3770 ex
1164 3704 1224 3771 hae

160 3830 253 3907 gente
272 3842 330 3910 par
351 3831 442 3886 esset.
475 3819 544 3909 Ego
566 3819 693 3885 veroin
714 3820 763 3884 bis
779 3817 909 3885 haerere
926 3817 1017 3896 nolo,
1040 3841 1112 3883 nam
1136 3819 1224 3884 aliud

159 3929 261 3998 babeo
288 3932 507 4022 gravissimum
532 3943 772 4022 argumentum,
803 3931 890 4022 quod
911 3933 1010 3996 miror
1030 3930 1149 3995 multos
1170 3930 1224 3996 fu·

159 4043 258 4132 gisse,
291 4044 384 4111 Fabii
410 4056 548 4111 oetatem
570 4043 662 4124 dico;
686 4043 731 4110 sic
749 4045 833 4111 enim
855 4068 914 4135 per
933 4044 1152 4134 suosmetipsos
1174 4043 1190 4108 l
1208 4082 1223 4096 -

186 4330 206 4398 ¹)
222 4335 280 4386 Lir.
299 4334 337 4385 11.
356 4337 402 4395 50,
420 4334 472 4384 111.
494 4338 521 4393 l;
543 4333 617 4385 Dion.
633 4333 694 4384 Hel.
711 4333 762 4384 IX.
781 4338 828 4392 223
845 4332 949 4396 Eutrop.
968 4333 990 4382 Ι.
1012 4337 1056 4393 16;
1074 4334 1140 4384 Aur.
1158 4335 1225 4386 Vict.

158 4411 219 4466 VJ.
240 4424 286 4480 14;
304 4417 372 4471 Fest.
390 4433 414 4469 ν.
433 4415 566 4467 Numerius
582 4434 607 4485 p.
629 4420 677 4469 tto
684 4439 691 4480 3
710 4416 784 4470 Ovio.
802 4415 873 4467 Foet.
891 4417 929 4467 11.
948 4421 1013 4478 2403
1030 4417 1102 4470 Serv·
1118 4415 1154 4468 ed
1165 4415 1224 4469 Aen.

154 4500 200 4552 VI.
218 4507 278 4554 846.
