3194 5302
339 432 375 493 tu
714 427 735 508 ς
756 429 785 491 3.
806 443 883 488 rann
904 443 1034 487 nuanncr.

339 635 378 701 tis
410 632 534 699 Sabinis
562 642 705 699 montem
737 629 933 713 Quirinalem
963 625 1122 706 eundem,
1152 626 1207 693 ubi
1231 650 1306 717 gens
1326 650 1400 695 uos·

336 760 385 813 tra
412 747 534 837 privata
558 768 615 813 sua
637 743 808 836 peragebat
829 764 925 809 sacra.
974 739 1075 825 Quam
1096 741 1279 831 opinionem
1300 764 1400 832 quum

338 858 497 927 Dedericb
526 858 664 925 evellere
693 869 844 935 conatur,
871 867 1073 947 praepostere
1095 853 1188 921 affert
1208 855 1401 936 Romulum,

336 974 394 1063 qui
412 984 524 1063 utpote
546 971 696 1056 Quirinus
714 970 911 1062 appellatus,
933 968 1070 1035 Sabinus
1086 968 1317 1058 fuissetigitur;
1335 991 1401 1034 non

337 1085 417 1153 vidit
444 1086 490 1154 rir
515 1085 715 1152 doctissimus
745 1083 781 1148 in
801 1106 896 1150 unam
916 1104 1083 1173 personam
1105 1082 1259 1148 coaluisse
1280 1082 1404 1148 Romu·

335 1201 403 1267 lum
424 1224 461 1267 er
483 1200 580 1290 stirpe
604 1198 748 1265 Romana
767 1196 945 1287 principem
967 1218 1040 1262 cum
1061 1193 1194 1278 Quirino
1214 1219 1250 1262 ex
1270 1193 1402 1265 Sabina.

677 1381 694 1464 §
720 1383 748 1443 3.
795 1378 899 1443 Fabii
920 1379 1074 1468 Luperci.

380 1539 500 1605 Romae
537 1535 727 1627 Lupercalia
756 1557 842 1601 sacra
875 1533 1060 1601 iaciebaut¹
1093 1535 1172 1599 certi
1201 1535 1403 1601 sacerdotum

334 1652 476 1730 ordines,
497 1672 637 1740 quorum
657 1649 738 1716 alter
757 1673 775 1715 a
794 1646 893 1714 Fabio
913 1647 1052 1738 quodam
1074 1646 1165 1712 Fabii
1187 1647 1251 1713 sire
1271 1648 1404 1714 Fabiani

334 1765 415 1832 dicti
438 1775 543 1843 erant,
573 1763 654 1828 alter
675 1759 853 1845 Quinctilii.
900 1759 1080 1827 Peculiares
1099 1758 1139 1824 ad
1161 1758 1239 1826 haec
1258 1761 1405 1827 sacerdo·

335 1891 383 1945 tes
403 1876 527 1943 duobus
548 1876 651 1966 capris
674 1875 823 1965 iugulatis
849 1874 986 1939 duorum
1008 1875 1159 1940 iuvenum
1178 1874 1317 1940 frontem
1334 1874 1405 1939 cul·

335 2004 386 2058 tro
417 2002 550 2057 cruento
571 1988 785 2078 attingebant,
812 2010 909 2078 quern
928 1987 984 2053 alii
1004 1988 1107 2052 lloceo
1126 1988 1221 2053 lanae
1244 1988 1405 2078 absterge·

335 2106 413 2170 bant
438 2102 521 2169 lacte
546 2101 718 2180 madentis,
749 2124 814 2192 quo
841 2101 927 2166 facto
951 2098 1117 2179 ridebant3
1148 2112 1217 2165 tum
1238 2122 1404 2191 caprarum

335 2214 476 2307 pellibus
507 2214 650 2280 dissectis
679 2213 759 2280 nudi
787 2213 1008 2280 discurrebant
1038 2212 1178 2303 Luperci
1203 2212 1404 2303 subligaculo

336 2339 461 2395 tanturn
499 2326 615 2406 cincti,
646 2339 874 2418 currentesque
904 2325 1062 2392 feriebant
1088 2325 1198 2392 obrius
1222 2339 1255 2392 et
1281 2327 1405 2407 obrias,

335 2464 396 2507 nec
424 2439 553 2507 adultae
583 2463 636 2506 eos
664 2438 849 2528 fugiebant,
880 2437 999 2528 quippe
1030 2459 1112 2531 quae
1145 2448 1246 2503 setosa
1273 2438 1406 2504 verbera

335 2546 528 2621 fecunditati
551 2552 665 2618 eximie
688 2550 839 2641 prodesse
863 2549 1039 2616 crederent.

381 2664 526 2729 Valerius
555 2662 735 2728 Maximus²
768 2686 786 2727 a
816 2661 956 2727 Romulo
981 2673 1013 2728 et
1043 2661 1143 2727 Remo
1167 2686 1290 2730 marem
1311 2665 1406 2731 illum

335 2774 523 2842 inchoatum
552 2797 619 2840 esse
642 2775 739 2854 dicit,
767 2775 915 2864 quicum
936 2773 1058 2839 laetitia
1079 2775 1290 2857 exsultantes,
1318 2778 1406 2869 quod

336 2889 374 2955 iis
395 2912 471 2954 arus
490 2887 659 2966 Numitor,
680 2910 745 2978 quo
763 2887 836 2953 loco
860 2886 988 2953 educati
1004 2900 1111 2964 eraut,
1131 2889 1251 2956 Urbem
1269 2891 1409 2958 condere

332 3001 522 3094 permiserat
549 3001 608 3066 sub
626 3012 736 3067 monte
754 3001 919 3079 Palatino,
955 3001 1040 3067 lacto
1065 3003 1220 3068 sacrificio
1243 3005 1407 3095 caesisque

335 3116 439 3207 capris
469 3114 641 3205 epularum
669 3114 830 3181 hilaritate
857 3137 894 3180 ac
923 3115 996 3180 rino
1017 3115 1152 3206 largiore
1173 3119 1330 3207 provecti,
1356 3117 1408 3183 di·

337 3229 402 3297 visa
430 3228 581 3321 pastorali
612 3228 721 3308 turba,
752 3229 851 3293 cincti
872 3228 1014 3319 pellibus
1031 3227 1267 3296 immolatarum
1285 3230 1409 3297 bostia-

336 3367 408 3409 rum
438 3342 579 3407 iocantes
612 3341 721 3408 ebrios
750 3342 927 3432 petierunt,
953 3342 1044 3408 cuius
1064 3341 1232 3410 hilaritatis
1253 3345 1411 3411 memoria

335 3477 445 3522 annuo
485 3455 622 3521 circuitu
658 3454 809 3520 feriarum
852 3454 1065 3545 repetebatur.
1117 3455 1164 3522 Dc
1201 3457 1313 3524 eodem
1341 3458 1410 3524 ritu

336 3570 458 3636 llutast
483 3569 618 3648 cecinit,
638 3568 695 3659 qui
715 3567 909 3634 carminibus
929 3569 1076 3658 elegiacis
1095 3569 1256 3637 fabulosas
1275 3572 1320 3637 rei
1340 3571 1410 3636 Ro-

335 3706 448 3749 manae
477 3683 613 3773 origines
638 3694 822 3772 persecutus
853 3693 916 3761 est;
947 3680 1044 3747 tradit
1065 3681 1117 3747 hic
1140 3684 1269 3750 Romuli
1289 3686 1411 3766 socios,

334 3795 392 3861 ubi
422 3795 588 3861 Amulium
613 3794 772 3875 riceraut,
798 3796 975 3862 exultantes
994 3795 1113 3861 laetitia
1134 3798 1255 3864 venisse
1275 3797 1314 3863 ad
1330 3821 1410 3867 eum

334 3909 462 3989 locum,
490 3908 545 3975 ubi
565 3909 696 3998 geminis
718 3909 794 4000 lupa
813 3909 912 3975 ubera
932 3909 1139 3999 praebuerat,
1158 3911 1198 3977 ad
1220 3912 1311 3978 cuius
1331 3934 1410 3978 cur-

335 4044 388 4089 sus
410 4021 550 4114 speciem
573 4020 767 4101 decurrunt,

403 4134 565 4215 ἐμποδίους
588 4134 777 4207 τύπτοντες,
803 4128 883 4206 ὅπως
908 4132 980 4199 adra
1004 4133 1151 4216 φάσγαν’
1175 4135 1318 4218 ἔχοντες,

450 4247 485 4324 ἐξ
503 4247 633 4326 Ἄλβης
658 4245 744 4313 ἔθεον
768 4245 924 4325 Ῥωμύλος
950 4247 1000 4322 dii
1023 4247 1141 4327 Ῥὲμος.

362 4505 468 4577 ¹)P1ut.
486 4501 557 4559 Rene
577 4513 618 4558 21.
689 4502 710 4573 ²)
728 4507 765 4557 11.
783 4512 807 4557 a.
827 4511 850 4558 ο.
921 4502 941 4572 ³)
958 4503 1027 4556 Prot.
1045 4506 1062 4556 1.
1082 4505 1099 4556 t.
