3194 5302
355 457 395 516 46
582 455 654 537 55.
685 470 795 516 uranus
814 470 1016 517 cneueenusrs
1037 454 1207 518 275-277.

356 651 434 715 riam
464 648 672 715 secessionem
703 648 891 727 instituisse,
919 671 1002 738 quae
1028 647 1113 739 apud
1140 648 1276 714 Graecos
1304 648 1426 738 magnis

357 763 488 828 urbibus
507 762 597 828 initia
617 760 756 828 fuerunt.
803 761 909 828 Primo
930 761 1117 829 lteliuorunr
1137 760 1231 827 huius
1253 761 1299 827 rei
1319 784 1425 827 erem·

354 876 410 966 pla
429 874 590 953 desidero,
608 897 681 941 uam
702 874 790 964 quod
811 874 868 939 ille
888 874 997 939 attulit
1018 874 1058 940 de
1081 875 1256 943 secessione
1276 875 1310 940 iu
1330 897 1424 941 mou-

355 998 420 1054 tem
440 986 571 1054 Sacrum
593 988 686 1053 aliter
703 986 926 1077 explicandum
949 986 1088 1067 ridetur3
1108 1010 1212 1078 oeque
1230 987 1331 1053 libera
1349 988 1424 1053 urbs

353 1101 441 1166 nasci
469 1101 625 1191 potuisset
653 1101 690 1166 iis
709 1101 897 1192 potentibus
915 1100 1071 1191 proxima,
1097 1124 1178 1191 quos
1198 1100 1363 1191 fugerant,
1389 1115 1425 1168 ut

353 1213 520 1280 commoda
540 1213 698 1305 quaedam
717 1214 988 1296 nanciscerentur3
1003 1238 1075 1279 mor
1091 1215 1354 1306 apotentioribus
1365 1239 1424 1306 pa-

353 1328 453 1394 triciis
473 1328 600 1394 colonia
618 1329 676 1394 iste
699 1328 800 1395 libera
820 1328 941 1395 scilicet
962 1328 1087 1395 reducta
1107 1340 1189 1395 esset
1208 1328 1241 1393 in
1260 1327 1421 1395 duriorem

352 1440 546 1507 seruitutem.
580 1439 618 1507 ln
644 1440 726 1506 hene
746 1440 880 1508 eandem
899 1441 1089 1507 sententiam
1109 1463 1193 1509 nunc
1215 1441 1306 1508 rideo
1327 1466 1344 1507 a
1361 1442 1424 1508 Le·

353 1553 431 1619 wis¹
456 1576 587 1643 quoque
608 1576 674 1620 esse
691 1553 895 1646 disputatum.
922 1554 1002 1619 Tum
1021 1554 1046 1620 si
1066 1566 1132 1621 tota
1150 1577 1229 1645 gens
1245 1554 1423 1621 voluntarie

351 1677 490 1732 attamen
508 1666 586 1733 irata
610 1667 714 1739 solum
735 1679 889 1747 verterat,
912 1690 970 1732 cur
989 1668 1075 1734 solus
1095 1668 1225 1737 relictus
1243 1680 1325 1735 esset
1344 1691 1422 1736 cou-

351 1780 428 1846 sulis
448 1779 559 1847 filius?
590 1779 736 1871 Denique
757 1782 825 1872 ipse
844 1780 1035 1847 trecenarius
1054 1804 1205 1849 numerus
1224 1779 1300 1847 huic
1318 1781 1425 1848 obstat

352 1894 513 1984 opinioui3
543 1893 672 1960 aliunde
694 1894 780 1961 enim
801 1895 925 1961 numeri
945 1894 995 1959 illi
1012 1893 1077 1961 buc
1096 1893 1211 1985 pedem
1231 1894 1422 1962 intulerunt

402 2008 506 2073 Variat
525 2008 627 2092 fama,
651 2007 814 2073 fuerintne
833 2005 1070 2087 σεσσσρσσκόσισι
1091 2006 1259 2085 unitione.
1286 2018 1322 2073 ut
1344 2008 1422 2074 llio·

350 2122 458 2210 uysius
478 2120 588 2200 trudit,
617 2143 658 2186 au
676 2121 812 2187 trecenti
833 2142 885 2186 ser
906 2132 963 2184 aut
989 2120 1138 2198 trecenti3
1163 2119 1278 2187 horum
1300 2123 1422 2212 primus

347 2234 407 2300 ille
427 2235 513 2301 unde
534 2234 690 2324 originem
710 2232 856 2312 traxerit,
872 2255 937 2298 non
957 2232 1093 2323 amplius
1114 2233 1207 2313 latet,
1227 2233 1422 2302 Niebubriue

348 2348 434 2414 enim
459 2359 548 2414 recte
566 2347 697 2413 omuino
716 2345 769 2412 hic
786 2347 946 2437 legionem
963 2346 1207 2437 intelligendam
1224 2371 1290 2415 esse
1310 2349 1421 2417 obser·

349 2463 451 2541 verit,
483 2461 516 2526 id
538 2473 585 2527 est
606 2460 771 2527 consulem
791 2482 864 2526 cum
885 2460 1010 2550 legione
1032 2460 1124 2526 Veios
1149 2484 1330 2551 aggressum
1354 2485 1422 2529 esse

351 2575 527 2642 secundum
558 2575 647 2641 illam
676 2574 804 2640 famam.
851 2573 1097 2640 Potior-tamen
1127 2574 1284 2641 veteribus
1316 2576 1422 2641 minor

349 2688 407 2753 illa
429 2689 605 2753 occisorum
625 2710 748 2753 summe
769 2686 952 2758 ridebatur:
981 2688 1114 2753 trecenti
1136 2711 1189 2754 ser
1210 2687 1358 2754 nonnihil
1383 2711 1422 2755 ex

348 2823 420 2866 mea
440 2800 551 2867 saltem
571 2801 723 2892 opinione
734 2822 905 2865 commune
921 2798 1040 2865 habent
1056 2822 1129 2866 cum
1143 2802 1290 2868 trecentis
1301 2814 1333 2867 et
1346 2784 1420 2894 sep-

348 2924 412 2979 tem
442 2913 523 2994 illis,
555 2914 613 3004 qui
640 2912 722 2978 duce
752 2912 911 2982 ultano
935 2937 1019 2980 auno
1038 2919 1104 2982 396
1130 2939 1148 2981 a
1174 2916 1284 2983 Tuscis
1305 2915 1419 2983 itidem

349 3047 460 3090 verum
480 3051 498 3092 a
519 3025 800 3116 Tarquiniensibus
821 3026 897 3092 victi
919 3038 951 3091 et
975 3026 1124 3093 trucidati
1143 3041 1259 3108 sunt²;
1277 3041 1419 3095 ettamen

348 3138 483 3203 nimium
505 3138 636 3204 fortasse
659 3150 705 3204 est
724 3138 817 3204 nobis
837 3162 962 3205 sumere
984 3138 1102 3205 famam
1123 3139 1360 3208 Cremereusem
1377 3128 1418 3207 ab

350 3251 437 3325 omni
456 3264 545 3342 parte
563 3252 745 3342 suppletam
766 3264 797 3317 et
816 3253 1025 3342 excogitatam
1044 3276 1060 3316 a
1083 3254 1224 3343 posteris.
1255 3253 1356 3339 Quam
1377 3255 1418 3320 ab

348 3387 475 3430 causam
505 3364 650 3456 praefero
677 3388 848 3431 numerum
877 3365 1105 3445 trecenarium,
1135 3366 1192 3456 qui
1218 3368 1418 3434 munimento
1444 3390 1453 3405 ·

347 3478 544 3570 pracsidiore
556 3479 670 3546 melius
682 3479 848 3559 convenit,
858 3478 1018 3545 coloniam
1035 3478 1107 3543 volo
1118 3480 1307 3559 militarem,
1320 3504 1419 3572 quem

347 3614 385 3658 ex
407 3592 543 3658 solemni
564 3615 624 3659 usu
645 3596 710 3660 300
730 3592 862 3684 publice
881 3591 1085 3658 deducebant
1111 3605 1143 3660 et
1162 3595 1257 3660 armis
1277 3596 1339 3661 suis
1360 3594 1418 3661 de·

347 3703 522 3771 tendebant
540 3704 670 3794 'patriae
696 3704 810 3794 optimi
831 3716 1092 3794 propugnatores.
1141 3703 1233 3789 Quod
1255 3708 1281 3772 si
1303 3709 1417 3799 arripi·

344 3840 432 3896 mus,
464 3817 569 3883 omnia
599 3830 685 3884 recte
713 3816 904 3908 procedent,
932 3817 1141 3906 intelligimus
1166 3843 1225 3886 cur
1249 3821 1331 3887 lilius
1351 3846 1416 3889 non

347 3932 387 3997 sit
414 3943 538 4022 patrem
571 3944 712 4010 secutus,
742 3954 799 3997 eur
828 3954 892 3997 non
921 3930 1022 3997 libera
1049 3932 1102 3997 scd
1130 3934 1260 4024 publica
1283 3938 1417 4002 secessio

347 4045 459 4122 fuerit,
481 4067 563 4135 quae
586 4045 720 4134 patriam
740 4043 927 4111 defenderet
948 4044 1139 4136 hostemque
1159 4061 1296 4128 arceret,
1327 4051 1416 4141 quod

259 4160 263 4169 '
348 4157 466 4223 liberae
486 4158 654 4225 secessioni
673 4158 778 4224 obstat
798 4159 945 4240 omnino,
964 4182 1023 4226 nec
1042 4162 1189 4253 privatim
1209 4162 1264 4229 sed
1285 4164 1416 4254 publice

345 4270 476 4337 condita
505 4270 581 4351 fuit,
612 4273 744 4362 opinor3
773 4275 921 4339 contenit
953 4298 1048 4366 porro
1079 4299 1153 4343 cum
1182 4275 1242 4345 hec
1264 4278 1416 4369 opinione

375 4513 449 4580 nn.
472 4519 527 4564 149.
598 4510 835 4579 ²)Liv.VlI.1⁵.
1027 4573 1031 4579 ⁴
