3212 5294
422 433 443 515 ς
468 432 495 494 l.
516 450 643 495 nunnus.
667 433 688 515 ς
710 436 738 496 2.
760 450 838 499 rann
861 450 1016 500 asininas.
1196 433 1256 495 215

186 631 265 697 alter
284 629 371 699 euim
392 627 536 697 sublatus
553 639 600 699 est
619 650 637 694 e
656 627 747 708 risis,
766 628 846 695 alter
859 631 931 718 (27)
944 628 1020 699 tirit
1035 639 1109 697 unte
1129 626 1253 695 ltellum

186 744 342 811 Punicum
362 741 553 820 amandum,
577 741 664 832 quod
682 754 806 832 tempus
824 764 861 808 ex
880 765 951 809 mea
971 743 1083 809 saltem
1101 740 1253 832 opinione

188 869 281 947 typus
309 879 375 925 uon
404 855 531 934 annuit,
564 854 690 923 ridetur
718 855 803 923 enim
831 855 869 921 iis
892 853 1073 923 simillimus
1096 876 1177 932 esse,
1198 853 1255 944 qui

189 970 358 1037 recentiori
386 982 529 1058 ternpore
558 967 627 1035 euri
651 978 735 1034 sunt.
784 967 866 1052 Quas
886 968 929 1035 ob
949 990 1058 1037 musas
1077 965 1136 1035 bas
1156 966 1257 1033 dena·

189 1085 250 1151 rios
278 1082 432 1153 Numerio
463 1080 590 1151 auidam
625 1081 790 1149 tribuerim
820 1080 950 1149 aliunde
977 1080 1101 1148 etiamsi
1130 1080 1255 1170 ignoto,

190 1198 245 1288 qui
274 1195 451 1269 recentiore
479 1207 626 1285 tempore
648 1194 739 1273 sirit,
762 1193 880 1273 idest,
900 1206 937 1261 ut
956 1194 989 1261 in
1009 1205 1177 1261 stemmate
1195 1216 1255 1284 ριν

191 1312 255 1389 sui,
277 1309 390 1393 Quinti
410 1307 547 1381 fluminis
570 1307 663 1377 ilius.

512 1492 531 1577 §
554 1492 585 1554 2.
633 1486 736 1553 Fabia·
758 1486 941 1555 Flumine&

235 1649 326 1717 llana
342 1646 424 1719 mibi
433 1669 525 1719 sumo
537 1645 753 1737 genealogiam
769 1657 900 1737 propter
917 1646 1041 1715 auamsi
1062 1646 1256 1715 larissiruuru

191 1773 425 1854 argumentum,
452 1760 493 1827 de
513 1782 578 1850 quo
598 1781 686 1827 nune
705 1758 819 1831 diuam.
867 1759 1003 1829 Videtur
1029 1760 1177 1829 denarius
1199 1781 1259 1825 an·

191 1899 287 1945 nuere
308 1872 497 1943 Numerium
523 1872 615 1943 illum
646 1872 741 1939 luisse
767 1872 933 1941 flaminem
956 1872 1168 1956 Quirinalem3
1193 1870 1258 1937 seio

190 1989 320 2081 quidum
347 1986 433 2057 mole
459 1985 622 2076 suppletas
652 1985 828 2053 eusealius
859 1985 1040 2053 litteraria
1069 1985 1199 2075 elypeo,
1222 1994 1261 2049 ut

192 2101 362 2188 Quirinalia
391 2098 638 2188 intelligeretur,
662 2096 720 2165 ub‘i
750 2096 900 2181 Quirinus
924 2110 993 2165 erat
1010 2096 1179 2187 legendus,
1204 2096 1258 2162 sed

190 2217 239 2287 rel
259 2215 304 2282 sic
326 2226 434 2283 romeu
455 2224 488 2279 et
508 2221 638 2302 propter
658 2211 798 2301 apicem,
816 2233 914 2300 quarn
934 2209 1012 2277 deur
1031 2210 1141 2277 dextro
1155 2221 1259 2288 tenet,

191 2328 254 2399 hou
273 2324 483 2397 sacerdotium
508 2322 664 2391 Numerio
683 2322 732 2393 illi
753 2345 819 2393 uon
840 2321 1099 2391 abiudicarerim.

233 2438 457 2513 Numismatiei
484 2437 609 2527 gravius
641 2447 864 2526 argumentum
892 2436 932 2505 ad
964 2433 1048 2503 bane
1075 2434 1260 2524 opinionem

189 2550 410 2621 stabiliendam
439 2548 631 2629 afferebant,
672 2570 766 2639 quum
792 2549 873 2619 mibi
899 2549 1049 2627 ridetur,
1076 2568 1151 2615 uam
1179 2571 1259 2614 eon·

192 2666 330 2747 tendunt
346 2665 397 2733 illi
413 2661 641 2733 hereditarium
660 2662 757 2731 luisse
772 2663 984 2733 saeerdotium
999 2663 1085 2731 illurl
1102 2665 1142 2729 ab
1162 2662 1264 2751 origi-2

190 2803 230 2847 ne
248 2779 324 2845 inde
341 2780 373 2843 in
394 2789 488 2867 gente
507 2788 613 2843 nostra
624 2824 634 2855 ,
652 2776 740 2866 quod
760 2800 825 2842 non
845 2778 889 2842 ira
910 2800 976 2843 esse
996 2777 1086 2842 lubet
1107 2776 1257 2841 indicare.

190 2895 387 2960 Enumerant
418 2888 453 2956 (l.
484 2889 619 2955 Fabium
649 2887 825 2956 Dorsonem
848 2892 936 2980 (12),
961 2891 1016 2981 qui
1035 2891 1153 2957 flamen
1173 2910 1260 2957 saara

191 3006 315 3072 lecisset
331 3005 362 3068 in
383 3001 554 3086 Quirinali,
576 3002 653 3067 dum
672 3002 756 3067 Galli
774 3001 969 3093 Capitolium
990 3003 1149 3070 obsessum
1171 3015 1261 3068 tene·

191 3119 281 3197 bant3
306 3128 338 3181 at
358 3116 480 3206 privata
500 3136 587 3179 saara
606 3113 683 3179 fecit
702 3114 774 3194 ille,
802 3116 849 3180 sin
868 3138 942 3182 reru
968 3116 1100 3205 publica
1121 3115 1259 3192 luerint,

191 3242 224 3295 ut
241 3230 296 3295 alii
317 3228 462 3306 tradunt,
485 3226 630 3317 pontifex
655 3226 740 3318 apud
762 3250 815 3292 eos
834 3228 937 3306 audit,
964 3228 1094 3294 omnino
1114 3250 1178 3293 non
1199 3228 1259 3292 lla·

189 3366 283 3423 rnen;
316 3355 385 3408 turn
415 3340 453 3424 Q.
483 3341 587 3405 Pictor
622 3341 691 3430 (36)
724 3340 892 3406 historicus
921 3339 1072 3421 affertur,
1101 3340 1141 3406 ad
1161 3363 1259 3429 quem

189 3479 356 3547 perperam
389 3468 400 3505 ¹
435 3464 594 3519 traxerant
616 3452 674 3518 riri
696 3452 774 3518 dieti
793 3453 990 3519 mentionem
1009 3453 1102 3519 Fabii
1120 3453 1257 3519 flaminis

191 3568 350 3635 demortui
377 3590 461 3632 anno
490 3568 573 3644 5873
597 3563 714 3630 deinde
735 3565 772 3649 Q.
793 3565 909 3632 Fabius
930 3566 1037 3631 Pictor
1057 3566 1141 3655 (40),
1160 3588 1257 3655 quem

192 3684 320 3748 unicum
350 3690 474 3745 constat
495 3691 508 3728 ²
538 3678 702 3743 flaminem
729 3677 826 3744 fnisse
854 3679 894 3743 ab
917 3702 1001 3744 anno
1024 3682 1089 3744 564
1111 3677 1151 3743 ad
1174 3684 1258 3756 587;

191 3819 285 3885 porro
317 3795 352 3878 Q.
382 3794 502 3859 Fabius
531 3792 637 3858 Labeo
660 3794 731 3877 (41)
760 3792 826 3857 sine
846 3791 914 3857 ullo
936 3792 1118 3857 testimonio
1138 3791 1254 3855 ilamen

194 3907 401 3986 laudabatur3
434 3918 564 3997 propter
591 3927 672 3995 quos
695 3927 820 3984 ornnes,
848 3905 881 3970 id
909 3918 956 3971 est
976 3917 1107 3996 propter
1128 3905 1257 3969 aninum

194 4033 316 4088 tanturn
338 4021 451 4110 procul
467 4019 566 4084 dubio
584 4017 748 4109 ponebant
764 4017 952 4084 Numerium
968 4031 1109 4084 nostrum
1127 4038 1257 4106 qnoque

192 4133 253 4200 hoe
275 4135 453 4202 sacerdotio
472 4134 619 4199 lunatum
641 4155 716 4199 esse.
747 4110 885 4223 Fugerat
905 4156 959 4200 eos
979 4155 1016 4198 ex
1038 4133 1106 4198 aliis
1129 4153 1258 4223 quoque

193 4249 339 4336 gentibus
369 4246 513 4311 flamines
545 4244 723 4328 Quirinales
753 4243 893 4323 laudari,
927 4255 962 4309 ut
990 4244 1030 4309 de
1058 4243 1099 4310 Μ.
1120 4242 1292 4337 Aemilio,

222 4499 396 4567 ¹)Ci.Cep.1n
406 4500 419 4565 i
428 4505 443 4549 t
453 4499 527 4550 buius
537 4500 622 4561 Libri,
631 4516 656 4566 p.
670 4504 726 4549 155.
762 4494 782 4565 ²)
792 4495 831 4549 Cl.
840 4496 900 4562 Cup.
911 4497 953 4560 νδ
963 4501 978 4546 2
987 4497 1061 4547 buius
1069 4496 1154 4557 Libri,
1170 4511 1194 4559 p.
1205 4499 1262 4544 299.
