3154 5294
332 430 392 497 106
443 448 471 494 u.
494 447 597 508 riorus
617 447 648 492 u.
671 448 697 494 r.
720 449 747 500 o.
769 447 797 491 u.
819 445 970 491 auansrns
990 427 1066 513 (ll).
1086 428 1108 512 5
1128 430 1159 492 6.
1177 444 1304 490 unuuus.

335 638 402 697 tem
423 628 589 720 opinione,
617 628 652 695 iu
681 625 843 717 probabili
871 625 1077 717 inquisitione
1100 624 1321 699 numismatioa
1347 636 1402 695 aut

335 740 397 830 ipsi
423 742 547 811 nummi
570 740 730 829 numerati
756 739 877 820 adsint,
911 750 965 807 aut
997 737 1124 815 chartae
1150 737 1345 807 mandentur
1366 760 1404 803 ea

336 865 485 943 typorum
505 853 646 935 ratione,
668 876 753 945 quae
771 878 789 929 a
810 852 944 933 Galroui
972 874 1091 919 nomeu
1115 852 1222 930 traxit,
1253 873 1318 940 quo
1344 873 1405 919 no·

335 967 422 1033 mine
441 967 515 1034 satis
535 966 666 1039 laudare
690 991 754 1045 nou
774 988 906 1058 possum
923 964 1123 1033 enchiridion
1144 963 1405 1035 numismarieom

333 1079 421 1171 quod
443 1080 557 1149 Grtsso
576 1079 688 1148 edidit.
737 1080 856 1155 Verum
878 1090 1027 1153 nanuum
1047 1079 1141 1157 licet,
1165 1098 1247 1168 quos
1265 1076 1350 1143 euim
1370 1077 1405 1143 in

333 1193 451 1260 muscis
470 1205 628 1267 nostrates
644 1191 756 1263 sedulo
777 1192 977 1283 collegerunt
1002 1203 1035 1259 et
1058 1190 1281 1281 disposuerunt
1308 1213 1404 1259 uum·

332 1329 402 1375 mos
421 1306 595 1386 Fabianus,
616 1307 770 1398 perpauci
789 1321 877 1384 sunt,
901 1306 967 1373 imo
988 1304 1179 1395 plerumque
1195 1304 1280 1373 varia
1297 1326 1404 1375 exem·

333 1419 434 1512 plaria
459 1419 602 1493 eiusdem
627 1418 767 1500 denarii3
794 1419 976 1489 Goltriauos
1001 1417 1116 1487 deinde
1138 1417 1255 1487 frustra
1279 1417 1312 1482 in
1337 1428 1405 1487 toto

335 1531 412 1599 orbe
434 1543 590 1601 terrarum
611 1532 770 1623 quaesitos
791 1555 876 1613 esse,
894 1554 961 1601 non
981 1543 1036 1598 est
1059 1531 1146 1622 quod
1171 1531 1291 1610 dicam
1315 1528 1408 1599 nolui

332 1643 430 1734 igitur
449 1643 619 1735 depingere
640 1643 874 1734 lithographice
899 1664 1018 1733 paucos
1038 1664 1106 1721 eos,
1127 1641 1184 1731 qui
1202 1652 1328 1731 praesto
1354 1663 1406 1707 es·

332 1769 417 1837 sont,
443 1768 476 1824 et
495 1757 623 1825 mittere
644 1781 713 1837 cos,
736 1757 793 1847 qui
818 1755 999 1835 uberiorem
1029 1754 1213 1844 disputandi
1238 1753 1404 1823 materiem

332 1869 525 1960 praebcant,
555 1892 618 1937 uec
648 1852 757 1939 omnes
786 1893 824 1950 er
847 1869 938 1939 libris
966 1868 1196 1935 nomismatiois
1227 1868 1404 1947 delineare,

330 1983 432 2073 probe
461 1996 575 2053 tenens
604 2007 660 2051 eos
688 1982 858 2051 artificiose
889 1981 1020 2073 quidem
1053 2004 1119 2047 uon
1153 2003 1227 2048 sero
1256 1992 1404 2048 accurate

331 2118 399 2163 esse
422 2096 575 2186 depictos.
1307 2126 1309 2131 ⁴

378 2210 500 2279 Lusius
520 2211 560 2276 V
561 2208 752 2278 OLUSUS
768 2209 840 2276 III
857 2207 949 2277 VIR
968 2208 1047 2275 EX
1064 2148 1201 2277 Senatus
1236 2205 1402 2277 Consulto.

332 2321 437 2414 (laput
462 2320 660 2390 Concordiae
685 2322 844 2391 Velaturn.

383 2436 491 2505 Kaeso
508 2436 667 2504 FABIns
684 2433 944 2515 AMBUSTos,
966 2390 1060 2501 Gaius
1077 2433 1117 2499 V
1112 2432 1296 2505 Aturrus
1318 2432 1402 2500 PO-

332 2547 365 2614 Τ
360 2546 418 2614 ῙΤ
417 2570 451 2614 us
467 2546 627 2616 Consol-
619 2547 721 2628 ,doee
732 2547 851 2636 figurae
862 2557 987 2634 togatae
1002 2542 1125 2611 thoraci
1137 2543 1247 2609 dextra
1259 2544 1403 2619 lauream

333 2672 479 2727 tenentes
487 2710 496 2740 ,
520 2661 661 2727 Victoria
685 2682 836 2726 soronam
860 2659 1021 2737 intereos
1045 2680 1228 2748 suspensam
1253 2671 1349 2728 tenet.

377 2772 534 2838 Denarins
559 2785 607 2839 est
638 2782 820 2862 argenteus,
848 2793 923 2860 ergo
950 2792 1014 2837 uon
1040 2791 1132 2837 susus
1163 2791 1227 2859 quo
1254 2780 1402 2861 tempore

330 2884 370 2953 Κ.
399 2884 516 2950 Fabius
543 2896 575 2951 et
601 2882 635 2951 G.
658 2883 803 2949 Valerius
826 2883 986 2962 vixerunt,
1010 2881 1063 2949 sed
1089 2880 1178 2949 cudit
1205 2904 1281 2951 eum
1301 2902 1402 2951 vanus

328 2998 383 3063 ille
405 3009 437 3063 et
456 2995 596 3062 crudelis
616 2995 652 3063 L.
668 2992 810 3061 ¹llolusus
830 2995 978 3074 Messala,
1003 2995 1059 3085 qui
1078 2996 1138 3063 sub
1158 2978 1304 3085 Augusto
1322 3019 1399 3087 pro·

329 3109 443 3176 consul
467 3109 529 3175 fuir
558 3110 649 3175 Asiae
672 3120 700 3188 ¹,
731 3110 788 3199 qui
812 3110 895 3174 inter
916 3131 1050 3199 proavos
1072 3106 1107 3175 G.
1129 3108 1291 3175 Valerium
1310 3109 1399 3174 Poti-

330 3236 399 3289 tum
422 3223 579 3289 Volesum
600 3245 782 3287 uumerasse
805 3222 946 3303 ridetur,
969 3222 1026 3312 qui
1044 3222 1157 3288 consul
1173 3246 1199 3287 a.
1219 3227 1285 3288 344
1303 3245 1398 3287 orans

328 3336 370 3402 de
394 3335 511 3426 Aequis
531 3335 653 3405 Urbem
674 3335 832 3424 ingressus
851 3347 914 3415 est,
939 3358 1013 3403 nam
1031 3333 1072 3402 de
1092 3335 1194 3401 altero
1211 3333 1247 3402 (l.
1274 3334 1397 3419 Valerio

329 3450 435 3533 Potito
465 3448 601 3527 Voluso,
631 3449 687 3540 qui
715 3448 826 3514 consul
848 3472 878 3514 a.
901 3447 1091 3524 423uullas
1112 3471 1160 3528 res
1182 3449 1267 3515 bello
1287 3449 1398 3540 gessit,

328 3585 394 3629 non
425 3560 630 3652 cogitandum
661 3561 786 3637 videtur
812 3560 875 3626 hoo
905 3560 985 3627 loco.
1044 3561 1134 3627 Alter
1162 3562 1234 3642 ille,
1266 3562 1398 3641 Fabius,

332 3698 409 3742 crux
433 3676 495 3741 fuit
518 3676 765 3754 numismaticis,
788 3673 875 3764 quod
899 3675 970 3740 fieri
1001 3675 1080 3741 solet
1102 3675 1135 3740 in
1157 3674 1295 3741 nummis
1317 3676 1397 3743 Gol-

330 3790 442 3856 tzianis
451 3838 461 3869 ,
475 3811 580 3880 oeque
597 3812 655 3879 ego
674 3787 750 3853 h'uic
765 3787 896 3853 denario
911 3787 1088 3878 quidquam
1104 3788 1311 3854 tribuendum
1330 3811 1397 3855 esso

327 3903 556 3982 censeo;·fieri
573 3914 695 3993 potest,
720 3914 756 3967 ut
774 3924 873 3969 rantis
898 3901 956 3969 ille
977 3901 1115 3969 Volusus
1133 3901 1217 3969 inter
1236 3913 1396 3967 maternos

327 4010 462 4107 proavos
493 4015 629 4083 Fabium
658 4027 803 4083 nostrum
832 4038 1014 4083 numerasse
1039 4015 1100 4083 sibi
1124 4015 1210 4083 risus
1227 4016 1283 4095 sit,
1307 4014 1395 4106 quud

329 4130 355 4195 si
384 4131 511 4210 fecerit,
535 4129 740 4220 cogitandum
764 4142 812 4196 est
832 4130 872 4195 de
893 4139 1001 4195 nostro
1020 4128 1182 4210 Kaesone,
1205 4130 1297 4205 cuius
1316 4150 1396 4193 cou-

317 4244 464 4331 sularem
476 4255 668 4335 potestatem
678 4243 746 4309 noli
757 4243 885 4309 credere
897 4234 1106 4334 significatam
1122 4266 1180 4336 per
1200 4241 1283 4310 illud
1298 4239 1394 4321 008,

358 4502 378 4568 ι)
397 4503 457 4554 ree.
476 4498 509 4552 A.
527 4502 579 4555 111.
598 4506 645 4564 aa
662 4502 723 4558 sen.
741 4500 770 4554 a
787 4500 826 4554 aa
842 4501 879 4555 11.
898 4504 923 4561 r.
