3154 5294
544 454 565 536 ᾗ
586 456 614 516 6.
637 473 746 517 roaros
768 474 854 516 raon.
1184 455 1242 516 165

171 651 279 716 sertim
310 649 467 740 sequitur,
500 661 534 714 nt
564 650 648 716 idem
677 650 732 715 ille
753 649 891 715 fontium
913 648 1078 739 indagator
1098 647 1231 726 fatetur,

167 786 186 826 a
216 786 282 854 quo
313 765 337 829 si
365 763 539 855 discrepat,
569 764 646 829 alios
667 762 744 828 adiit
765 762 927 828 Romanae
949 762 1098 829 historiae
1118 772 1229 826 aucto·

168 897 235 955 res,
264 898 401 965 quornm
429 897 523 965 opera
544 874 751 952 interierunt,
775 873 829 939 scd
852 872 983 939 omnino
1002 872 1082 938 nihil
1104 873 1228 951 suadet,

169 1000 203 1053 nt
242 989 498 1079 antiquissimum
530 1010 602 1053 enm
641 987 797 1054 lectitasse
831 986 1011 1064 credamus3
1043 985 1227 1051 interierant

169 1099 301 1165 Pictoris
324 1099 467 1178 annales,
489 1099 646 1165 obscurati
668 1123 685 1164 a
706 1096 874 1175 Sallustio,
896 1096 1004 1175 Livio,
1023 1098 1100 1163 aliis.

212 1209 260 1275 Ile
281 1208 426 1300 Appiano
446 1209 573 1288 eadem,
603 1210 634 1273 ni
659 1208 773 1287 fallor,
803 1208 907 1274 raleat
927 1208 1023 1287 ratio;
1054 1210 1147 1273 vertit
1170 1209 1226 1275 ille

167 1324 199 1387 in
230 1321 358 1387 historia
392 1320 510 1386 Punica
553 1320 678 1387 livium
716 1322 920 1412 praesertim,
964 1321 1019 1412 qui
1057 1322 1226 1408 Polybium

165 1445 394 1513 concluserat,
419 1435 474 1524 qui
501 1456 602 1523 quum
627 1433 724 1499 Pabio
750 1457 823 1500 usus
844 1447 923 1500 esset
942 1435 1038 1513 olim,
1065 1433 1225 1525 Appianas

164 1570 293 1638 quoqne
304 1548 437 1614 Fabium
457 1559 607 1637 sequatur
618 1570 744 1613 necesse
763 1560 826 1626 est,
844 1547 897 1613 sed
919 1548 950 1612 in
977 1547 1063 1613 hunc
1083 1547 1226 1614 modum.

209 1661 337 1726 Prorsus
354 1661 439 1728 idern
459 1662 567 1726 locum
583 1661 728 1726 obtinere
745 1661 872 1738 debuit,
893 1659 1050 1751 quidquid
1072 1660 1219 1727 Heeren¹

161 1774 377 1852 contradicat,
405 1774 437 1838 in
464 1772 654 1853 Plutarcho,
680 1796 774 1864 quem
796 1795 861 1838 non
882 1772 978 1839 credo
997 1773 1113 1839 vidisse
1133 1773 1223 1839 Fabii

156 1886 302 1966 annales3
325 1898 478 1977 provocat
497 1886 628 1977 quidem
648 1886 687 1950 ad
710 1909 798 1964 eum,
824 1886 877 1951 sed
900 1898 985 1952 recte
1002 1885 1126 1951 Heeren
1147 1886 1225 1952 vidit

158 2022 223 2064 non
251 2001 388 2065 multam
417 1999 492 2065 huic
522 2000 569 2065 rei
599 1999 696 2064 tribui
717 2021 823 2090 posse,
852 2009 885 2064 et
907 1998 1036 2063 minoris
1056 2021 1122 2065 esse
1143 2021 1223 2089 quos
1288 2024 1291 2031 ’

157 2137 195 2178 er
225 2113 325 2179 Fabio
355 2111 464 2178 laudat
489 2113 584 2178 locos.
633 2111 723 2195 Quod
747 2134 821 2176 vero
841 2109 930 2175 addit
950 2111 1155 2177 Plutarchum
1175 2112 1224 2177 le-

156 2225 236 2318 gisse
261 2224 353 2290 Fabii
376 2223 505 2289 Maximi
536 2223 710 2288 orationem
732 2221 916 2300 funebrem,
941 2243 1022 2312 nego
1043 2222 1123 2287 illud
1144 2244 1223 2288 con·

153 2350 256 2416 stare,
290 2336 388 2402 tradit
418 2336 503 2402 enim
532 2348 657 2401 tantum
678 2333 905 2401 Cunctatorem
934 2333 1077 2400 laudasse
1101 2334 1222 2414 filium,

153 2473 252 2541 quem
281 2450 375 2528 λόγον
401 2448 531 2530 γράψας
559 2449 721 2527 ἐξέδωκεν,
752 2470 830 2513 num
859 2445 987 2536 legerit,
1018 2470 1060 2512 nc
1089 2448 1220 2513 verbum

153 2564 336 2654 subiungit3
358 2561 489 2629 aliunde
509 2560 622 2641 babet,
647 2562 778 2650 opinor,
795 2559 920 2651 publici
939 2558 1141 2626 iurisiactam
1153 2584 1219 2627 esse

153 2676 372 2742 laudationem
400 2675 505 2753 illam,
529 2698 565 2739 er
593 2674 753 2740 Ciceronis
774 2686 787 2723 2
814 2672 931 2739 verbis:
964 2683 1040 2738 »est
1059 2672 1091 2738 in
1112 2674 1216 2739 mani·

153 2789 211 2855 bus
233 2786 392 2864 laudatio,
416 2808 511 2876 quam
532 2807 633 2875 quum
655 2785 790 2876 legimus
813 2788 893 2850 cet.''

364 2972 382 3055 ς
406 2972 435 3034 7.
481 2969 632 3035 Annales
659 2966 785 3034 Graeci
805 2991 851 3032 an
874 2967 1002 3033 Lareni.

197 3128 406 3193 Transeamus
425 3125 464 3190 ad
488 3124 581 3190 aliam
602 3123 642 3188 de
665 3123 756 3188 Fabii
778 3121 955 3187 Annalibus
976 3123 1211 3212 quaestionem,

147 3261 230 3330 qnae
259 3239 331 3305 riris
361 3238 465 3303 doctis
492 3259 640 3326 magnam
664 3233 845 3326 disputandi
863 3234 1008 3324 praebuit
1028 3237 1209 3315 materiem,

148 3352 289 3442 lingnam
323 3352 395 3417 volo
421 3374 484 3441 qua
512 3349 684 3440 conscripti
710 3348 843 3427 inerint3
877 3358 984 3412 utrum
1007 3346 1142 3427 Graece,
1168 3373 1206 3414 an

148 3463 278 3543 Latine,
302 3487 378 3530 num
400 3464 482 3529 forte
505 3474 641 3552 utroque
662 3483 816 3527 sermone.

191 3579 251 3643 Pro
278 3600 337 3641 nsn
368 3575 479 3642 Gracci
507 3574 659 3640 sermonis
682 3585 803 3664 pugnat
825 3571 994 3660 Dionysius
1016 3585 1028 3623 ³
1049 3575 1205 3640 scribens:

148 3691 187 3754 τὰ
202 3690 329 3755 actarde
343 3689 422 3770 ἔργα
437 3696 492 3763 τῆς
508 3687 626 3759 πόλεως
641 3690 809 3769 Ἑλληνικῇ
822 3685 975 3765 διαλέκτῳ
989 3685 1203 3767 συνέγραψαν,

147 3798 183 3864 ὧν
204 3801 261 3864 εἶσι
286 3799 499 3880 πρεσβύτατοι
515 3801 643 3868 Κόϊντος
665 3795 802 3873 Φάβιος,
824 3797 953 3867 Λεύκιος
975 3796 1118 3873 Κίγκιοςς
1146 3799 1201 3863 nbi

147 3912 243 3978 altero
278 3911 349 3974 loco
380 3921 394 3958 ⁴
431 3908 599 3994 Dionysius
635 3905 674 3970 de
707 3905 858 3971 Rornanis
888 3907 1093 3996 scriptoribus
1123 3913 1202 4000 agit,

148 4047 279 4114 qnorum
310 4022 407 4087 libros
438 4022 551 4086 latine
581 4019 775 4108 conscriptos
802 4020 951 4110 perlegit,
975 4022 1118 4087 nominat
1140 4024 1201 4089 Fa·

147 4136 230 4204 bium
264 4134 436 4202 Maximum
470 4132 682 4199 Servilianum
714 4155 840 4222 nempe.
902 4131 983 4196 Tum
1012 4132 1161 4200 Livianus
1187 4150 1203 4187 ’ὅ

147 4248 249 4329 locus,
268 4249 324 4314 ubi
341 4247 457 4313 Fabius
473 4245 622 4337 praedam
642 4245 840 4311 Pometinam
857 4244 1066 4334 quadraginta
1085 4248 1202 4316 talenta

174 4503 245 4571 'ille
256 4508 325 4571 sont.
343 4504 406 4554 Plut.
422 4520 446 4569 p.
466 4509 523 4553 121.
564 4500 584 4573 ²)
606 4502 778 4568 Cotol§12.
820 4499 919 4567 ⁵)I.o.
956 4501 1055 4567 llll.
1092 4503 1208 4570 ⁵)1.55.
