3210 5300
567 448 588 529 5
616 450 660 511 16.
681 467 791 511 corsua
812 451 846 510 V.
867 450 935 511 459.
1227 448 1286 541 m

216 660 219 665 ·
250 636 347 709 'Vere
364 642 469 733 primo
489 665 583 709 unam
602 643 761 735 legionem
781 643 841 709 sub
860 644 897 710 L.
912 640 1060 732 Scipione
1077 653 1281 734 propraetore

213 754 257 820 ad
278 753 438 832 Clusium,
462 753 548 843 quod
569 752 697 820 Camars
714 755 790 821 olim
810 754 1029 846 appellabant,
1049 754 1195 845 reliquit,
1213 754 1280 845 ipse

218 865 354 931 Romam
374 862 536 956 proiectus
557 866 596 931 ad
615 867 847 934 consulendum
868 866 909 933 de
928 866 1031 947 bello;
1058 866 1114 931 abi
1132 888 1206 932 sero
1227 887 1281 932 ce-

216 991 300 1044 teras
320 980 426 1070 copias
446 978 651 1069 disposuerit,
673 1002 739 1046 non
757 992 965 1058 memoratur,
987 1002 1085 1070 quam
1106 978 1280 1045 difficulta-

217 1104 283 1157 tem
317 1092 423 1158 statim
452 1092 516 1158 alio
543 1092 638 1158 modo
668 1093 791 1158 tollam.
848 1092 941 1157 Fabii
971 1091 1165 1159 adversarius
1195 1093 1277 1182 App.

210 1202 371 1270 Glaudius
391 1205 525 1271 Romana
547 1228 688 1272 resersus
716 1205 871 1271 nonnulla
899 1206 932 1271 in
958 1216 1068 1271 senatu
1089 1204 1191 1269 fertur
1210 1226 1279 1269 mo·

215 1318 310 1395 sisse,
335 1317 533 1407 perfecturus
552 1330 587 1384 ut
607 1319 721 1386 Decius
743 1341 872 1410 quoque
891 1317 971 1383 illuc
990 1318 1187 1392 mitteretur,
1211 1340 1278 1382 non

212 1431 300 1496 enim
319 1431 463 1497 sufficere
482 1430 679 1498 contendens
696 1432 853 1522 legiones,
868 1454 950 1521 quae
964 1431 997 1497 in
1010 1430 1136 1496 Etruria
1146 1440 1279 1507 starent;

209 1555 354 1611 attamen
379 1556 504 1610 senatus
524 1545 624 1610 Fabio
645 1546 789 1610 omnium
808 1567 912 1609 rerum
934 1544 1100 1611 arbitrium
1119 1542 1277 1634 permisit,

209 1658 271 1746 qui
289 1679 363 1723 cum
382 1657 481 1723 Decio
500 1681 572 1724 mor
591 1660 625 1723 iu
648 1659 807 1724 Etruriam
829 1657 932 1723 rediit.

258 1768 345 1834 llaec
365 1769 488 1848 Livias,
507 1769 559 1835 sed
581 1771 686 1836 statim
705 1770 883 1861 subiungit:
903 1770 1059 1836 »invenio
1074 1766 1160 1858 apud
1178 1790 1276 1858 quos-

206 1881 282 1947 dam
308 1882 469 1973 externplo
488 1884 648 1975 proiectos
669 1884 701 1949 in
723 1885 883 1950 Etruriam
905 1882 1039 1948 Eabinm
1060 1882 1273 1971 Deciumque,

209 1996 277 2060 sine
294 1996 360 2061 ulla
378 1997 538 2062 mentione
556 1998 648 2062 sortis
659 1997 896 2088 provinciarum
908 1995 1183 2084 certaminumque
1194 1995 1276 2058 iuter

204 2109 378 2198 collegas.''
425 2108 659 2199 Simpliciorem
679 2110 766 2174 illam
788 2108 1002 2198 antiquiorem
1021 2119 1056 2172 et
1075 2107 1171 2195 longe
1191 2106 1274 2171 veri-

209 2219 394 2285 similiorem
413 2218 510 2297 duco,
534 2219 638 2286 obstat
657 2221 743 2287 enim
763 2221 854 2285 citeri
872 2219 1011 2310 primum
1023 2219 1193 2284 concordia
1205 2218 1275 2282 col·

209 2334 370 2422 legatum,
403 2354 485 2423 quae
515 2345 637 2398 constat
660 2356 698 2399 ex
719 2356 870 2400 censurae
891 2333 1022 2398 historia
1043 2344 1075 2396 ct
1096 2329 1273 2397 secuudum

207 2469 305 2536 qaam
337 2468 423 2511 nune
452 2448 557 2510 omnia
584 2447 727 2537 collegae
749 2447 957 2538 permisisset,
992 2443 1169 2510 dnmmodo
1201 2456 1275 2509 ante

205 2558 310 2625 cidem
340 2555 520 2622 adversatus
547 2569 629 2622 esset
655 2558 791 2639 scilicet,
821 2570 853 2623 ct
873 2557 912 2622 ad
934 2558 1092 2648 populum
1113 2555 1273 2647 quaestio·

208 2695 280 2737 nem
299 2670 339 2736 de
360 2670 530 2759 provinciis
549 2670 725 2749 retulisset3
749 2671 774 2735 si
795 2671 856 2736 iam
880 2670 996 2736 Eabius
1017 2670 1101 2736 solus
1122 2670 1154 2735 in
1176 2669 1272 2735 Etru·

205 2785 284 2850 riam
308 2795 387 2849 esset
409 2782 588 2872 proiectus,
612 2782 711 2848 Decio
732 2781 897 2848 Samnium
916 2783 1113 2862 obvenisset,
1132 2794 1164 2848 at
1185 2803 1272 2847 nunc

204 2898 260 2963 laic
276 2896 465 2962 describitur
487 2895 609 2960 Romae
633 2895 764 2985 degisse.
805 2896 884 2962 Tum
905 2896 1087 2962 adversatur
1103 2896 1194 2961 Fabii
1213 2896 1273 2960 iter

204 3010 287 3077 illud
308 3011 462 3087 Romam,
487 3007 580 3098 quod
602 3008 732 3073 aliunde
752 3008 867 3098 pedem
888 3010 1015 3089 intulit:
1045 3033 1119 3074 nam
1139 3009 1270 3074 absente

200 3124 335 3190 consule
364 3123 472 3212 Scipio
498 3122 589 3187 clade
609 3121 710 3188 fertur
728 3123 858 3188 affectus
881 3146 970 3200 esse,
994 3122 1079 3211 qood
1102 3122 1269 3211 aliquanto

203 3250 276 3329 post
303 3237 453 3302 accidisse
479 3235 639 3314 evincam3
663 3257 722 3300 uec
744 3234 820 3300 boni
840 3236 1041 3325 imperatoris
1062 3248 1129 3301 crat
1148 3234 1268 3299 exerci-

202 3364 273 3416 tum
303 3350 484 3439 relinquere
511 3347 655 3413 adstante
685 3347 794 3427 boste;
826 3350 957 3413 affertur
987 3348 1117 3439 quidem
1145 3347 1267 3412 itineris

199 3486 311 3542 causa,
336 3462 421 3553 qaod
437 3459 729 3527 rediissetdebello
750 3474 877 3527 acturus
898 3461 931 3526 in
951 3474 1080 3540 senatu3
1103 3474 1135 3526 at
1154 3460 1266 3527 consul

199 3598 258 3642 suc
287 3575 387 3640 Marte
414 3597 481 3640 rem
510 3574 656 3664 gerebat,
688 3573 826 3639 habebat
855 3573 1023 3664 imperium
1050 3585 1082 3638 et
1107 3573 1264 3662 auspicia,

197 3710 264 3754 non
297 3710 376 3779 opus
405 3700 471 3754 erat
498 3699 626 3777 patrum
652 3687 814 3765 consiliis,
847 3697 878 3752 et
904 3686 930 3750 si
954 3686 1037 3751 forte
1060 3685 1100 3751 ad
1123 3686 1263 3775 collegae

199 3802 315 3865 auxilia
346 3799 572 3866 recurrendum
602 3810 699 3879 esset,
731 3823 795 3864 non
819 3799 886 3888 ipse
906 3798 962 3862 illa
981 3797 1188 3863 arcessivisset
1207 3797 1262 3862 sed

195 3937 256 4004 per
275 3914 431 4004 legatum,
455 3915 583 4004 opinor,
608 3935 681 3977 uam
704 3911 809 3977 hostes
825 3913 946 4001 optimo
967 3933 1096 4001 quoque
1117 3923 1261 3999 tempore

195 4026 353 4115 impetum
384 4024 488 4089 facere
518 4036 676 4115 poterant.
721 4023 868 4113 Denique
897 4023 1069 4088 admodum
1094 4022 1261 4111 probabile

195 4150 243 4203 est
270 4137 337 4203 siue
365 4136 489 4226 duplici
516 4137 572 4200 illa
591 4137 797 4202 contentione
826 4137 985 4202 Etruriam
1007 4135 1162 4201 ambobus
1181 4158 1260 4201 con·

196 4251 318 4316 solibus
346 4249 508 4315 decreram
536 4273 621 4329 esse3
653 4251 773 4315 llomae
793 4252 924 4316 nuntius
946 4250 1060 4316 allatus
1079 4264 1146 4315 erat
1167 4247 1259 4315 Sam-

197 4363 276 4429 nitcs
297 4387 329 4429 se
350 4362 487 4428 iunxisse
505 4384 576 4427 cum
599 4363 727 4429 Umbris
749 4376 782 4429 et
803 4364 911 4429 Tuscis
931 4386 1055 4430 necnon
1077 4363 1185 4428 Gallos
1206 4385 1257 4426 so-

192 4475 261 4541 ci‘os
283 4475 418 4543 adscitos
430 4498 511 4554 esse,
538 4474 684 4549 adversus
701 4473 758 4540 hos
779 4498 887 4551 omnes
908 4475 1001 4541 ambo
1019 4473 1163 4540 consules
1181 4497 1256 4541 cum
