3194 5302
292 460 320 509 o.
333 458 435 502 riorus
451 458 480 501 n.
496 457 524 501 r.
539 456 699 502 rronurnus
710 441 765 524 (2).
806 440 866 522 §L
888 446 1033 506 consoni.
1051 443 1122 508 269.
1204 445 1240 506 31

173 645 360 724 poneretur,
386 633 543 725 expeditio
573 646 684 700 contra
714 634 808 701 Veios
836 648 981 726 suscepta
1000 647 1047 701 est
1067 659 1085 701 a
1105 638 1239 704 consule

175 744 339 826 Cornelio,
363 760 398 813 nt
423 747 548 815 obviarn
571 750 671 814 iretur
689 747 968 840 populationibus,
991 771 1070 839 quaa
1090 750 1131 816 de
1150 774 1240 818 more

173 860 310 950 agebant
330 859 396 939 itti;
419 883 480 927 nec
500 884 574 929 vero
594 862 700 953 magni
717 863 873 928 momenti
890 861 986 929 luisse
1002 875 1151 954 apparet,
1166 888 1239 932 nam

174 996 246 1039 mor
272 996 399 1040 annuae
419 974 567 1041 induciae
588 975 690 1042 laetae
709 989 793 1041 sunt.
825 975 943 1042 Fabius
961 987 1073 1042 contra
1091 976 1240 1045 adsersus

174 1085 306 1152 Volscos
335 1110 401 1153 rem
432 1088 546 1178 gessit,
578 1089 635 1179 qui
659 1089 811 1154 Romanis
836 1089 899 1154 iarn
919 1088 1048 1154 finitimi
1067 1103 1241 1180 coeperant

173 1222 237 1264 esse
266 1212 339 1289 post
369 1198 482 1267 foedus
510 1222 583 1268 oum
613 1202 734 1268 Latinis
760 1214 792 1268 et
820 1202 980 1281 Hernicis,
1005 1202 1092 1294 quod
1114 1202 1241 1269 Cassius

173 1313 286 1392 icerat3
319 1310 436 1378 dericit
465 1336 518 1379 eos
547 1313 579 1379 in
611 1315 684 1380 loco
713 1313 869 1407 quodam,
900 1304 956 1379 ubi
978 1338 1031 1381 eoa
1049 1315 1239 1396 incluserat,

172 1425 255 1491 fame
276 1447 409 1515 pressos.
439 1425 547 1493 Verbo
567 1441 763 1493 memoratur
785 1428 906 1494 bellum
930 1450 1004 1494 cunr
1026 1428 1160 1519 Aequis,
1183 1428 1238 1495 sed

173 1537 210 1604 de
235 1538 337 1604 altero
365 1550 476 1604 contra
497 1539 628 1606 Volscos
650 1540 751 1606 fusius
771 1540 835 1632 agit
853 1540 1041 1629 Dionysius,
1062 1562 1102 1607 an
1119 1541 1239 1620 renus,

171 1650 255 1716 baud
289 1650 437 1730 dixerim,
469 1674 543 1718 nam
571 1653 619 1718 nil
642 1653 732 1719 aliud
760 1655 793 1719 in
819 1653 988 1720 annalibus
1014 1654 1089 1720 olim
1112 1653 1152 1720 de
1173 1653 1240 1719 istis

172 1764 320 1830 omnibus
342 1764 523 1854 legebatur,
553 1765 682 1857 opinor,
712 1765 800 1858 quod
822 1779 855 1833 et
871 1789 929 1858 per
949 1789 982 1833 se
1003 1766 1172 1858 probabile
1191 1777 1240 1831 est

169 1889 199 1942 et
234 1888 321 1941 certa
356 1876 539 1942 coniectura
572 1878 650 1967 poni
678 1889 802 1968 potest,
843 1877 981 1944 Romani
1008 1899 1083 1943 cnm
1108 1878 1240 1969 populis

169 1989 279 2054 ricinis
304 1989 475 2079 quotannis
507 1990 564 2080 qui
591 1989 838 2080 depugnabant,
869 1993 912 2063 εἷς
936 1991 1108 2072 ἀλλοτρίαν
1132 1993 1240 2074 χώραν

169 2102 368 2181 ἐμβαλόντες
400 2104 574 2179 ἀπήλασαν
604 2102 784 2184 ἀνδράποδα
810 2103 863 2168 καὶ
888 2104 1085 2182 βοσκήματα
1111 2103 1237 2179 πολλὰ,

167 2225 315 2298 λῃστρικῇ
347 2214 447 2296 ἐφόδῳ
475 2213 689 2296 mauritarum
721 2215 766 2281 sic
791 2216 929 2282 invicem
960 2214 1241 2307 depopulabantur

169 2351 258 2418 agros
277 2327 432 2392 finitimos
450 2327 539 2418 parri
559 2328 607 2392 illi
628 2328 756 2420 populi,
783 2352 863 2418 quos
884 2329 993 2394 nullus
1012 2328 1140 2394 maioris
1160 2327 1240 2393 eiri-

168 2441 239 2505 tatis
258 2450 363 2504 metus
384 2440 577 2519 contineret,
594 2440 679 2507 unde
697 2461 824 2533 semper
836 2442 998 2508 Romanos
1016 2443 1148 2508 victores
1165 2462 1241 2505 eva·

169 2554 240 2620 sisse
273 2553 374 2618 tradit
401 2552 533 2619 historia
560 2555 750 2620 aRomanis
771 2579 888 2646 nempe
909 2556 1101 2645 conscripta.
1146 2551 1239 2617 Idem

167 2665 246 2730 illud
277 2663 339 2730 hoc
370 2687 500 2756 quoque
529 2688 613 2730 anno
643 2665 774 2731 accidit:
804 2666 938 2732 victores
966 2665 1104 2731 Romani
1134 2667 1239 2733 redie-

167 2791 241 2844 runt
261 2802 327 2844 non
348 2778 469 2869 absque
489 2778 622 2870 praeda;
646 2778 726 2846 haec
746 2780 831 2845 enim
848 2778 950 2846 turbis
970 2779 1011 2846 de
1030 2803 1114 2846 noro
1130 2803 1239 2846 ansam

168 2891 291 2958 dedisse
308 2892 425 2971 fertur,
457 2893 483 2957 si
509 2891 638 2983 quidem
660 2892 777 2959 Fabius
798 2916 862 2958 non
883 2916 941 2984 per
966 2907 1149 2984 quaestores
1169 2916 1239 2959 eam

166 3005 323 3072 militibus
352 3004 569 3085 distribuerit,
588 3018 624 3071 nt
644 3006 800 3085 debebat,
824 3005 879 3072 sed
899 3007 932 3072 in
956 3007 1124 3098 publicum
1146 3006 1240 3073 rede-

167 3117 260 3207 gerit3
286 3115 416 3207 quodsi
435 3138 542 3181 revera
562 3116 605 3181 ita
625 3117 759 3196 accidit,
779 3141 904 3184 summo
923 3120 992 3184 iure
1011 3118 1131 3209 plebeii
1149 3142 1239 3186 erar·

166 3241 293 3309 serunt,
318 3253 392 3295 nam
421 3230 547 3320 privato
574 3242 682 3296 sumtu
714 3254 815 3322 quum
841 3232 915 3298 illae
935 3230 1153 3322 expeditiones
1174 3232 1241 3300 aire

166 3344 405 3435 populationes,
432 3366 511 3434 quas
541 3343 627 3409 bella
658 3343 753 3410 luisse
782 3344 932 3423 tradunt,
967 3344 1241 3435 suscipiebantur,

167 3457 309 3547 aequitas
327 3457 525 3546 postulabat,
554 3469 590 3522 ut
609 3457 778 3523 commoda
798 3459 873 3524 inde
896 3472 981 3537 orta,
1002 3458 1036 3524 id
1057 3470 1104 3525 est
1122 3458 1240 3551 praeda

166 3571 322 3637 militibus
343 3569 553 3650 divideretur3
577 3570 694 3637 Fabius
717 3571 813 3661 igitur
835 3572 867 3637 in
888 3573 1043 3638 aerarium
1066 3571 1239 3661 redegisset

165 3685 355 3775 pecuniam,
374 3684 451 3750 dum
472 3684 650 3775 respublica
673 3685 778 3751 nullas
798 3685 957 3777 impensas
975 3685 1041 3752 istis
1062 3685 1155 3750 bellis
1174 3685 1240 3750 fer·

166 3813 229 3880 ret3
253 3822 291 3864 ex
320 3821 382 3888 qua
401 3822 514 3889 magna
534 3798 649 3863 iniuria
670 3822 750 3864 nora
773 3797 929 3864 discordia
956 3799 1091 3864 oriretur
1112 3819 1240 3862 necesse

165 3923 240 3978 erat.
284 3911 351 3977 lam
381 3912 440 3976 ista
470 3910 575 3977 omnia
606 3911 767 3978 crederem
794 3913 837 3977 ita
863 3911 1029 3990 accidisse,
1053 3912 1079 3976 si
1099 3911 1183 3976 forte
1205 3910 1239 3975 in

166 4025 294 4113 plebem
311 4024 627 4089 animadvertendum
640 4024 765 4103 fuisset,
782 4023 834 4090 sed
853 4024 949 4089 huius
965 4022 1010 4089 rei
1021 4023 1147 4089 nullum
1169 4046 1239 4089 cer-

166 4138 251 4201 nitur
263 4136 446 4226 vestigium,
462 4136 527 4202 imo
544 4135 687 4203 Cassium
702 4136 905 4204 damnaverat
920 4138 1075 4229 populus,
1090 4148 1126 4202 ut
1140 4137 1239 4204 iidem

166 4249 212 4313 illi
232 4248 380 4328 tradunt3
402 4271 484 4341 quae
508 4250 614 4316 omnia
633 4273 732 4341 quum
753 4264 881 4342 reputo,
902 4251 1040 4341 suspicio
1057 4251 1157 4316 oritur
1176 4248 1242 4314 boc

167 4361 204 4426 ab
222 4361 380 4429 historicis
401 4387 467 4430 esse
485 4376 646 4444 ornatum,
664 4377 698 4430 ut
719 4364 884 4431 turbarum
901 4363 1024 4456 aliquid
1040 4375 1136 4447 esset,
1157 4385 1238 4453 qua-

168 4498 233 4544 rum
258 4500 350 4544 causa
372 4478 470 4569 paulo
489 4478 582 4544 aliter
600 4478 721 4546 fuisset.
