3194 5302
529 1089 897 1184 INTRODUCTIO.

227 1829 292 1895 Diu
310 1828 516 1920 multumque
536 1852 688 1920 quaerere
706 1828 746 1896 de
767 1828 862 1895 laude
883 1829 994 1897 Gentis
1013 1850 1108 1920 quam
1128 1828 1248 1898 descri-

183 1943 262 2009 bere
280 1941 465 2032 aggredior,
485 1965 551 2007 non
571 1943 679 2023 lubet;
699 1966 805 2034 neque
823 1965 974 2033 magnum
993 1942 1249 2013 emolumentum

179 2055 259 2123 inde
290 2077 457 2122 erasumm
485 2055 662 2135 contendo,
692 2057 718 2121 si
742 2070 969 2124 enumerantur
986 2068 1066 2147 quot
1084 2069 1116 2122 et
1137 2062 1250 2149 quanti

183 2169 243 2235 riri
265 2167 425 2260 principes
444 2169 479 2233 in
499 2169 665 2259 republica
684 2170 827 2237 Romana
847 2193 884 2236 er
903 2168 965 2236 hac
985 2171 1083 2260 stirpe
1101 2174 1248 2262 prognati

182 2282 264 2361 sint,
289 2293 368 2371 quot
388 2280 577 2362 bellatores,
600 2295 680 2372 quot
700 2282 845 2349 consules
864 2294 897 2347 et
916 2281 1055 2362 tribuni,
1081 2296 1159 2373 quot
1178 2285 1248 2353 dic·

183 2408 299 2460 tatores
319 2407 351 2460 ct
369 2395 511 2484 magistri
531 2396 677 2486 equitum
698 2397 780 2461 inter
800 2395 915 2461 Fabios
935 2407 1117 2475 occurrant3
1142 2400 1247 2465 omnia

182 2510 241 2575 ista
257 2508 406 2598 persequi
422 2520 454 2573 et
474 2507 640 2575 ostendere
658 2520 813 2599 quantum
829 2506 947 2573 haecce
962 2530 1039 2597 gens
1049 2529 1124 2597 prae
1135 2511 1247 2577 ceteris

181 2622 367 2689 excelluerit
397 2632 429 2686 et
457 2621 583 2710 longius
610 2621 789 2701 duraverit,
821 2643 908 2693 nunc
938 2643 1004 2685 non
1026 2620 1157 2700 laciam;
1181 2645 1246 2688 non

182 2735 271 2825 quod
298 2733 374 2800 huic
394 2735 440 2800 rei
459 2735 582 2802 nullam
604 2735 730 2801 laudem
753 2736 854 2802 inesse
873 2733 1018 2813 credam,
1043 2745 1076 2800 et
1096 2734 1249 2801 Romanis

179 2848 241 2914 ista
270 2847 450 2938 relinquam
479 2847 638 2938 gloriandi
668 2860 873 2938 argumenta,
896 2870 1008 2914 rerum
1031 2846 1116 2937 quod
1137 2872 1249 2916 uereor

181 2984 224 3026 ne
256 2959 337 3027 milri
370 2959 540 3026 obiiciatur
567 2960 706 3027 »laudat
735 2961 863 3027 venales
894 2961 951 3050 qui
979 2960 1051 3026 vult
1079 2961 1247 3028 extrudere

183 3077 342 3153 merces,''
372 3086 408 3140 ut
436 3086 484 3140 est
504 3074 593 3166 apud
607 3083 756 3167 poetam
779 3073 969 3165 respondeat
986 3074 1054 3164 ipsa
1075 3073 1248 3165 disputatio

184 3211 243 3278 pro
272 3187 338 3252 istis
367 3187 533 3266 omnibus,
566 3199 598 3253 et
619 3187 765 3253 ostendat
786 3209 851 3277 quo
872 3187 1003 3252 nomine
1020 3186 1138 3277 singuli
1155 3186 1247 3252 Fabii

184 3299 394 3366 excelluerint
424 3312 456 3366 et
486 3323 551 3391 quo
582 3301 712 3368 nomine
742 3299 894 3389 carpendi
923 3301 1003 3378 sint,
1028 3312 1161 3391 quantas
1181 3300 1249 3365 ric·

185 3415 282 3480 turias
304 3435 430 3487 necnon
451 3426 586 3503 quantas
607 3414 714 3480 clades
733 3437 879 3504 perpessa
898 3413 938 3479 sit
956 3414 1137 3505 respublica
1157 3413 1249 3480 duci·

179 3530 239 3596 bus
263 3528 397 3597 Fabiis..

180 3690 183 3699 .
231 3640 327 3707 Aliud
347 3641 409 3706 iam
429 3639 482 3706 hic
501 3663 650 3707 moneam
669 3662 796 3709 necesse
812 3652 874 3720 est,
890 3662 931 3705 ne
950 3639 1022 3730 quis
1039 3639 1122 3705 sorte
1141 3636 1249 3705 credat

183 3756 368 3847 descriptas
379 3777 445 3821 csse
466 3754 527 3821 hoc
544 3754 627 3821 libro
644 3755 722 3820 ritas
739 3765 771 3819 et
786 3776 836 3819 res
851 3764 952 3843 gestas
969 3752 1111 3818 omnium
1128 3751 1248 3817 Rorna-

182 3892 296 3935 norum
308 3918 317 3949 ,
341 3869 397 3959 qui
420 3868 550 3934 nomine
569 3867 661 3933 Fabii
682 3865 863 3956 gaudebant
885 3878 916 3931 et
937 3888 1074 3956 quorum
1092 3863 1248 3931 'memoria

184 3982 225 4048 ad
254 4006 313 4049 nos
341 3982 497 4072 persenit,
544 3979 592 4047 Ile
616 3981 719 4047 Gente
738 3980 838 4045 Fabio
858 3991 982 4044 tantum
1005 3976 1191 4069 disputabo,
1214 3977 1250 4043 id

183 4110 230 4164 est
258 4096 299 4163 de
327 4096 366 4161 iis
394 4094 552 4184 patriciis,
576 4094 633 4183 qui
659 4092 699 4159 ab
724 4091 851 4157 saeculo
870 4090 965 4158 Urbis
984 4090 1132 4158 conditae
1153 4092 1247 4158 tertio

184 4207 289 4274 medio
316 4204 478 4297 usquead
500 4204 634 4293 Augusti
654 4203 869 4293 principatum
888 4201 1115 4269 inclaruerunt.
1163 4202 1248 4273 Hine

184 4323 341 4412 sequitur,
364 4331 401 4385 ut
425 4317 593 4383 excludam
613 4340 684 4394 eos,
708 4318 765 4406 qui
783 4315 843 4382 sub
862 4315 955 4382 bellis
973 4315 1120 4381 civilibus
1140 4340 1177 4382 er
1196 4319 1247 4384 iu-

184 4434 260 4499 fimo
289 4432 402 4499 ordine
429 4431 497 4495 nati
521 4430 623 4520 gloria
648 4429 781 4494 militari
799 4428 934 4519 aliisque
954 4427 1056 4494 modis
1075 4428 1114 4494 ad
1134 4431 1247 4498 altiora

183 4547 377 4639 reipublicae
401 4566 547 4640 ¹munera
580 4542 736 4636 poulatinr
769 4554 983 4634 pervenerunt
1014 4554 1069 4607 aut
1099 4542 1161 4634 ipsi
1191 4556 1247 4610 aut

1088 4651 1105 4713 1
