3154 5294
318 475 376 538 162
559 485 586 534 e.
607 475 710 523 ruerus
730 471 850 523 steron,
872 454 1040 508 nrsronrcus
1062 438 1137 524 (36).

326 677 375 740 lus
405 664 594 735 Wbittius¹
626 657 701 721 huie
732 646 873 740 opinioni
902 642 1100 716 adversatur,
1125 637 1185 727 qui¹
1203 633 1334 699 haerens
1353 631 1386 695 iu

325 782 479 853 Numerio
508 774 608 842 Fabio
639 769 832 834 Graecorum
859 755 1021 822 annalium
1051 762 1180 816 auctore
1204 770 1261 836 per
1287 745 1334 809 fas
1359 755 1390 808 et

331 899 418 966 nefas
438 888 580 978 Dionysii
597 862 698 949 ¹fidem
717 873 888 967 explodere
908 868 1048 942 volebat,
1073 886 1132 929 nec
1151 860 1300 926 credebat
1318 880 1391 923 eum

332 1012 489 1079 lectitasse
525 997 635 1087 Quinti
656 991 802 1067 annales,
833 985 889 1076 qui
917 991 1062 1047 accurate
1091 978 1124 1041 in
1153 973 1296 1041 fontibus
1320 992 1394 1061 per·

333 1119 509 1192 scrutandis
530 1139 562 1180 se
583 1120 740 1177 versatum
760 1123 826 1168 csse
845 1099 963 1162 fatetur
980 1106 1012 1158 et
1027 1115 1061 1157 re
1081 1112 1151 1155 vera
1169 1097 1315 1177 apparet,
1340 1082 1394 1148 sed

336 1261 398 1305 non
414 1224 676 1324 operaepretium
695 1233 741 1284 est
761 1213 880 1280 diutius
899 1211 932 1273 in
952 1209 1010 1271 ista
1027 1201 1241 1294 disputatione
1257 1197 1396 1262 haerere.

380 1345 536 1415 Diodorus
564 1336 690 1404 Siculus
717 1328 818 1395 multa
839 1348 857 1389 a
878 1323 903 1388 F
905 1321 977 1386 abio
1002 1327 1165 1384 mutuatus
1185 1335 1252 1378 esse
1272 1309 1398 1376 ridetur

334 1463 363 1530 N
368 1458 514 1529 lebuhrio
534 1465 565 1535 ²,
589 1471 670 1542 quae
691 1443 797 1535 opinio
818 1450 853 1503 ut
875 1458 946 1501 sera
970 1454 1036 1498 esse
1055 1428 1306 1501 demonstretur,
1329 1445 1399 1488 rue-

334 1576 415 1641 liora
437 1563 595 1635 afferenda
612 1568 706 1626 erunt
722 1560 924 1642 argumenta3
944 1565 1056 1635 sperno
1068 1539 1154 1605 enim
1166 1536 1253 1628 quod
1264 1534 1400 1626 protulit

334 1689 405 1765 ille,
424 1681 564 1747 Diodoro
581 1694 696 1763 nempe
706 1678 830 1760 praeter
840 1661 975 1728 Fabium
988 1655 1112 1721 nullum
1128 1652 1224 1717 luisse
1238 1661 1401 1716 auctorem

335 1803 368 1866 in
388 1797 477 1863 bello
497 1815 571 1857 cum
590 1783 713 1875 Pyrrho
729 1772 954 1847 describendo,
971 1769 1051 1835 adeo
1066 1766 1261 1856 locupletem
1281 1763 1402 1829 Graeco

338 1928 499 1986 sermone;
532 1916 564 1969 at
596 1899 646 1966 rel
675 1906 748 1961 ante
776 1887 911 1956 Fabium
941 1883 981 1948 de
1012 1880 1167 1946 industria
1192 1876 1252 1942 boc
1280 1875 1405 1940 bellum

339 2033 525 2119 persecutus
547 2025 615 2081 erat
636 2010 849 2093 Hieronymus
870 1995 1044 2064 Cardianus
1066 2005 1098 2058 et
1119 1990 1265 2055 Timaeus
1283 1988 1406 2053 Tauro·

338 2137 492 2212 menites,
525 2128 582 2219 qui
616 2119 756 2190 substitit
783 2115 823 2181 ad
852 2132 971 2177 annum
1002 2110 1083 2180 490,
1113 2103 1169 2168 ubi
1190 2100 1406 2190 Polybianum

341 2274 420 2343 opus
447 2242 571 2332 incipit.
618 2237 700 2302 Tum
722 2243 751 2309 ⁸,
774 2227 880 2317 inquit
904 2223 976 2300 ille,
1000 2219 1116 2285 Fabius
1138 2205 1172 2280 ut
1195 2227 1226 2280 et
1247 2213 1411 2279 Diodorus

340 2361 446 2457 posuit
472 2348 731 2423 duodevicesimo
760 2362 844 2406 anno
875 2347 948 2427 post
979 2333 1098 2399 Urbem
1116 2341 1240 2419 captam
1261 2326 1410 2392 consules

343 2480 382 2544 de
405 2473 499 2567 plebe
518 2477 655 2540 ercat0s3
680 2471 712 2524 at
729 2455 835 2521 differt
850 2446 1036 2536 ceteroquin
1053 2445 1168 2509 horum
1186 2439 1411 2529 chronologia,

347 2614 422 2658 nam
451 2583 569 2651 Fabius
595 2575 717 2644 Urbem
742 2566 905 2635 conditam
924 2562 1030 2652 posuit
1051 2556 1101 2624 Ol.
1122 2555 1210 2622 VIII.
1233 2558 1266 2633 l,
1290 2551 1415 2618 Diodo-

346 2728 399 2770 rus
428 2698 481 2765 01.
511 2691 582 2757 VII.
609 2693 644 2766 23
674 2698 742 2751 tum
773 2677 931 2745 Diodorus
950 2676 983 2738 in
1004 2672 1091 2737 fastis
1111 2666 1325 2760 quinquennii
1345 2689 1417 2733 ma·

303 2835 304 2838 ’
351 2818 499 2907 gistratus
523 2802 661 2878 iteravit,
683 2810 719 2863 ut
734 2795 782 2861 sui
797 2791 909 2858 ceteris
924 2797 1151 2877 congruerent3
1167 2782 1305 2872 denique
1325 2779 1418 2844 loeus

348 2924 444 2995 Fabii
466 2942 563 3011 quem
592 2914 656 2979 hue
681 2909 771 2976 traxit
789 2902 949 2981 Niebuhr,
972 2898 1145 2965 Serviliana
1169 2908 1182 2945 ⁴
1211 2918 1278 2960 non
1299 2893 1421 2958 Pictori

354 3039 499 3108 erincere
517 3028 666 3097 conabor.
700 3022 802 3089 Nimis
822 3018 917 3108 igitur
938 3014 1019 3079 hane
1036 3023 1128 3100 urget
1140 3008 1340 3099 opinionem,
1363 3005 1422 3070 ubi

358 3150 449 3220 Fabii
473 3145 567 3212 rerba
588 3143 670 3206 inter
690 3133 822 3200 Diodori
843 3150 972 3195 eernere
992 3125 1053 3191 sibi
1073 3123 1214 3201 ridetur;
1238 3120 1322 3185 ralet
1341 3117 1424 3184 haee

356 3265 435 3333 ratio
456 3263 487 3325 in
506 3256 614 3323 Dionis
627 3250 731 3316 verbis
753 3244 837 3337 apud
851 3243 1004 3307 Zonaram
1016 3251 1046 3304 et
1067 3235 1172 3303 Orosii
1186 3232 1270 3324 apud
1288 3233 1314 3297 F
1316 3232 1425 3297 recul-

356 3379 473 3470 pbum,
498 3368 629 3436 omnino
651 3386 716 3430 non
737 3361 769 3425 in
792 3354 905 3447 sparsis
927 3352 990 3417 illis
1009 3350 1088 3415 locis
1108 3348 1164 3412 ubi
1181 3345 1338 3411 Diodorus
1355 3343 1425 3409 bis·

359 3491 471 3557 toriam
501 3484 678 3548 Romanam
708 3473 823 3539 leviter
850 3465 1023 3534 admodum
1057 3461 1174 3552 attigi13
1208 3481 1290 3550 quae
1322 3457 1348 3522 si
1373 3457 1427 3524 rel

357 3604 418 3671 tibi
442 3621 546 3665 sumas
577 3617 614 3659 ex
645 3592 769 3657 Pictore
801 3581 959 3670 descripta
994 3600 1075 3655 esse,
1119 3587 1225 3639 tamen
1256 3570 1428 3637 consulum

359 3713 505 3787 nomiae,
539 3728 620 3796 quae
651 3701 750 3768 maior
780 3717 852 3787 pars
882 3692 1009 3757 ridetur
1033 3691 1182 3764 istorum,
1210 3684 1338 3751 omuino
1360 3706 1430 3749 non

362 3825 447 3920 apud
484 3820 621 3888 Fabium
654 3813 791 3888 incenit,
831 3807 921 3897 atqui
954 3802 1083 3869 aliunde
1120 3798 1222 3890 petiit.
1279 3797 1431 3887 Denique

364 3941 457 4009 nullo
490 3937 561 4000 loeo
593 3927 751 3995 Diodorus
782 3922 891 3988 laudat
921 3919 1094 3992 Pletorem‚
1126 3937 1199 3978 nam
1229 3911 1341 3976 unicus
1373 3911 1433 3976 ille

365 4058 471 4129 loeus,
503 4048 560 4111 ubi
581 4042 673 4109 Fabii
704 4061 821 4105 nomen
852 4032 1050 4120 adscriptum
1078 4027 1214 4116 legitur,
1238 4036 1284 4089 est
1313 4024 1346 4087 in
1376 4046 1436 4088 ex-

368 4164 485 4256 cerptis
504 4157 589 4250 apud
610 4154 808 4244 Syncellum.
855 4145 1030 4227 Diodorum
1058 4140 1243 4231 antiquioris
1271 4136 1437 4228 scriptoris

349 4404 355 4416 1
397 4447 418 4514 ¹)
437 4449 474 4496 ue
493 4436 766 4506 tt.Fot›toPtct.p.ts.
801 4425 890 4497 HR.
909 4422 1172 4484 G.11.taan.asr„
1207 4415 1444 4486 ³)R.G.11.sao.

367 4533 387 4601 sp
405 4533 444 4584 ef.
463 4531 520 4580 Lib.
538 4526 603 4576 VIL
620 4521 681 4586 cap.
699 4533 738 4568 am
755 4517 768 4581 d
786 4520 816 4577 5,
833 4512 906 4564 Fabii
923 4510 1058 4563 Serviliam
1074 4507 1162 4571 fragm.
1178 4508 1215 4557 11.
