3212 5294
353 454 413 516 224
521 468 831 517 remurmurans.
844 450 1024 536 asismat).
1045 451 1066 535 ς
1077 452 1107 516 t.
1128 470 1257 517 annuns.

720 693 738 777 §
766 695 796 757 lt.
842 693 1004 760 Nummus
1031 706 1053 758 ¹.

404 873 507 964 (laput
531 872 652 939 Romae
676 874 849 963 galeatum,
874 896 957 966 pone
981 873 1133 942 ROMA.

399 987 576 1055 Numerius
593 986 741 1055 Mlius
762 986 941 1066 Burbu·
966 1010 1064 1078 eques
1083 987 1224 1078 galeatus
1239 987 1424 1064 decurrens,

355 1100 465 1166 dextra
488 1121 640 1166 eoronam
665 1123 702 1166 er
726 1100 828 1168 lauro.
1406 1118 1409 1123 ⁴

400 1212 497 1278 Hune
517 1234 609 1279 suum
629 1235 798 1284 nummum
819 1212 960 1280 Goltzius
974 1213 1110 1304 protulit
1126 1213 1166 1280 ad
1182 1212 1335 1280 Buteonis
1352 1210 1425 1277 die·

355 1337 510 1405 taturnm3
533 1324 606 1391 side
626 1348 723 1415 quam
743 1337 964 1417 praepostere:
989 1326 1138 1392 dictatori
1154 1348 1237 1416 equo
1259 1322 1334 1391 vehi
1356 1346 1423 1389 non

355 1439 450 1517 lieet,
470 1439 541 1528 quis
560 1438 623 1504 iam
634 1438 772 1505 dictator
789 1441 931 1529 equitem
942 1440 974 1505 in
996 1461 1129 1505 nummo
1150 1438 1330 1529 signasset?
1356 1434 1424 1502 Ne·

357 1573 419 1641 que
437 1550 484 1616 rei
503 1549 663 1640 gerundae
683 1573 776 1617 eausa
796 1551 850 1617 sed
863 1567 898 1619 ut
910 1564 1036 1617 senatus
1054 1551 1215 1641 legeretur
1223 1550 1328 1616 dietus
1339 1558 1424 1628 erat,

357 1665 446 1729 euius
468 1663 512 1728 rei
531 1684 591 1728 neo
612 1663 684 1730 sola
706 1686 765 1730 nee
791 1665 956 1755 vestigium
981 1664 1013 1729 in
1042 1684 1191 1742 nummo;
1215 1684 1273 1728 nee
1301 1661 1425 1729 Nume-

356 1777 421 1842 rius
433 1776 570 1842 dictator
587 1776 665 1856 fuit,
685 1777 738 1843 sed
756 1778 890 1844 Marcus.
914 1768 1079 1843 Habemus
1098 1776 1304 1844 confitentem
1319 1798 1425 1853 reum,

356 1891 548 1956 conflaverat
568 1889 710 1956 Goltzius
730 1888 914 1966 denarium,
941 1900 1114 1979 antequam
1135 1888 1221 1955 Fasti
1249 1888 1424 1957 doeuetaut

350 2002 420 2068 ‘non
450 2001 638 2068 Numerium
667 2001 763 2067 fuisse
787 2001 986 2068 dictatorern.
1035 2000 1118 2085 Quas
1139 2001 1181 2066 ob
1201 2022 1311 2067 eausas
1336 2000 1425 2065 Vall-

357 2116 474 2181 lantius
492 2114 533 2179 ad
544 2113 735 2180 Numerium
749 2114 819 2203 (35)
832 2114 943 2180 retulit
955 2113 1098 2194 huncne,
1114 2114 1169 2205 qui
1185 2138 1269 2181 auno
1281 2117 1346 2180 530
1357 2137 1426 2179 ma-

354 2228 451 2318 gister
477 2226 623 2317 equitum
652 2226 735 2308 suit,
762 2249 831 2317 quo
858 2249 933 2293 eum
954 2225 1075 2293 honore
1097 2229 1238 2318 equitem
1265 2227 1425 2318 galeatum

355 2340 492 2407 eontulit
521 2351 553 2405 et
583 2362 733 2405 eoronam
760 2340 800 2405 ad
825 2340 919 2406 Boios
940 2340 1065 2432 fugatos
1083 2341 1208 2420 retulit;
1232 2340 1305 2406 ride
1327 2363 1424 2430 qnam

355 2453 409 2520 laio
429 2476 559 2544 quoque
580 2452 686 2531 sallat,
710 2475 747 2518 ex
767 2451 874 2542 Seylla
895 2454 927 2518 in
951 2451 1136 2542 Charybdin
1158 2451 1321 2544 delapsus:
1356 2476 1424 2519 ma·

355 2568 453 2658 gister
483 2564 614 2658 quidem
643 2567 881 2655 equitumfuit
911 2567 982 2647 ille,
1017 2566 1071 2634 sed
1100 2590 1165 2633 non
1195 2567 1241 2632 rei
1264 2564 1424 2656 gerundae

354 2703 469 2759 eausa,
501 2678 629 2745 nonnisi
650 2690 685 2742 ut
708 2680 836 2746 eomitia
860 2679 1054 2746 haberentur
1077 2680 1274 2757 consularia,
1308 2678 1423 2745 mansit

357 2793 477 2857 Romae
495 2790 690 2881 quietissime
709 2792 754 2858 nil
773 2792 950 2883 quidquam
970 2816 1065 2885 agens
1084 2806 1195 2860 eontra
1215 2793 1317 2859 Boios.
1364 2792 1424 2858 Atii

356 2902 474 2970 deinde
484 2924 558 2967 eum
569 2902 608 2967 ad
620 2901 652 2968 N
655 2904 811 2969 emerium
827 2905 1108 2993 (antisteterunt,
1125 2905 1182 2995 qui
1191 2903 1304 2970 eonsul
1315 2913 1425 2970 eontra

357 3017 481 3081 Poenos
509 3037 576 3080 rern
605 3016 699 3103 gessit
727 3014 766 3080 ad
795 3014 1007 3095 Panormum;
1038 3015 1093 3082 sed
1117 3038 1224 3105 neque
1245 3013 1325 3081 haee
1344 3015 1424 3081 ratio

357 3127 460 3217 aeeipi
476 3139 595 3218 potest,
607 3127 683 3218 quid
697 3128 783 3193 enim
795 3129 894 3217 magis
904 3127 1045 3196 alienum
1055 3130 1096 3194 ab
1107 3128 1309 3220 expeditione
1321 3128 1425 3211 natali

356 3264 453 3332 quarn
482 3262 597 3330 eques,
626 3263 726 3331 quum
755 3240 909 3315 sexcentis
935 3240 969 3306 in
995 3243 1132 3308 nummis
1149 3242 1293 3308 triremes
1312 3242 1424 3332 signati

356 3352 554 3420 cernuntur?
590 3352 653 3420 atii
672 3352 812 3443 denique
831 3375 905 3418 eum
926 3354 1085 3445 explicare
1105 3355 1425 3445 uolueruntopeBu·

357 3468 460 3534 teonis
489 3465 600 3532 aedilis
630 3466 768 3545 eurulis,
797 3467 887 3532 euius
912 3467 1113 3558 magistratus
1133 3481 1215 3534 esset
1233 3467 1327 3534 ludos
1349 3467 1424 3533 dare

357 3580 493 3670 equiria3
517 3590 563 3659 at,
585 3579 691 3670 inquit
711 3579 976 3670 Hareroampius‚
991 3604 1055 3647 non
1071 3580 1223 3647 aedilium
1239 3593 1286 3647 est
1303 3582 1423 3671 signare

355 3715 515 3760 nummos.
548 3692 617 3757 Nee
637 3715 713 3759 rero
734 3692 841 3784 planet
860 3691 899 3761 N.
915 3696 1017 3761 Buteo
1030 3697 1112 3782 (45),
1137 3695 1194 3786 qui
1211 3708 1340 3786 praetor
1359 3699 1419 3764 581

356 3818 481 3872 oreatus
506 3817 609 3872 morte
631 3806 802 3897 impeditus
826 3818 873 3874 est
895 3809 1066 3898 quominus
1085 3810 1118 3874 in
1138 3809 1333 3900 provinciam
1355 3809 1424 3874 iret.

355 3919 516 3998 Praestat,
544 3919 674 4009 opinor,
694 3932 767 4011 post
794 3932 842 3986 tot
863 3923 1032 3988 conamina
1056 3924 1200 4015 spurium
1221 3923 1420 3999 Goltaiannm

355 4032 489 4098 reddere
515 4031 754 4098 numismaticis.

385 4272 568 4341 ¹)Vai11.1t⁰.
587 4282 617 4335 a;
634 4275 700 4326 Mor.
719 4274 796 4327 XVI.
816 4281 841 4326 s.

773 4460 960 4474 m
