3194 5302
517 437 538 525 l
559 444 587 506 2.
609 459 713 507 aaran
736 458 839 506 conns
860 461 973 508 rauna.
1261 445 1282 508 9

215 643 410 711 contendens
438 668 554 736 pagum
577 646 753 712 Fabianum
772 647 804 713 in
826 648 984 738 Pelignis¹
1009 646 1073 713 huo
1094 670 1158 714 non
1177 645 1279 738 respi-

214 777 294 822 cere.
342 754 410 821 Nec
436 778 511 822 roro
536 757 567 821 ei
585 758 755 836 assentior,
785 757 842 823 ubl
861 760 970 824 scribit
989 759 1163 825 Romulum
1181 759 1278 825 Fabi·

213 892 268 936 um
290 889 383 934 suum
404 866 554 935 Celerum
575 870 739 937 tribunum
761 892 799 937 ex
818 870 923 937 Fabiis
943 872 1079 938 Romam
1098 870 1222 937 duxisse
1242 894 1280 938 er

212 980 268 1046 illa
294 980 392 1059 urbe,
425 980 480 1048 ubi
511 981 700 1073 Lupercalia
727 984 790 1048 iam
815 985 988 1073 quotannis
1007 984 1099 1050 Fabii
1121 984 1280 1051 celebras-

212 1105 297 1172 sent3
327 1093 443 1183 quibus
470 1094 505 1159 in
533 1094 628 1160 rebus
656 1117 696 1160 an
728 1117 836 1161 rerum
858 1094 972 1162 viderit
997 1097 1071 1177 ille,
1103 1119 1167 1162 non
1187 1096 1280 1163 facile

212 1205 282 1295 quis
323 1205 484 1272 conficiat.
543 1205 707 1298 Quidquid
734 1222 798 1289 est,
823 1208 992 1275 Fabieuses
1013 1209 1088 1275 istos
1106 1231 1222 1276 nomen
1243 1233 1280 1276 ex

212 1330 309 1407 gente
333 1330 441 1384 nostra
465 1321 593 1387 traxisse
617 1320 817 1387 crediderim.

257 1432 380 1498 Priscus
409 1433 538 1500 Latinos
569 1457 623 1501 eos
654 1435 750 1500 luisse
770 1433 826 1499 alii
846 1434 981 1500 credunt
1000 1446 1133 1525 propter
1152 1435 1280 1501 fabulo·

213 1568 278 1611 sam
311 1545 453 1612 Euandri
483 1547 654 1636 originem3
684 1559 717 1613 at
742 1547 926 1638 ignoramus
948 1547 1079 1613 omnino
1101 1560 1206 1614 utrum
1225 1548 1282 1614 ille

214 1659 311 1724 Areas
339 1682 380 1724 an
406 1659 538 1726 Latinus
558 1660 674 1739 fuerit,
700 1661 765 1727 imo
784 1672 891 1727 utrum
916 1661 1017 1727 Fabio
1037 1673 1128 1752 pater
1146 1685 1186 1726 arr
1207 1684 1283 1727 arus

212 1772 384 1853 exstiterit3
413 1796 518 1864 neque
547 1773 734 1864 Lupercalia
765 1797 831 1840 rem
856 1773 1033 1855 dirimunt,
1062 1797 1134 1840 nam
1156 1775 1284 1841 nonnisi

214 1885 377 1951 fabulosus
404 1886 531 1952 ridetur
559 1886 690 1951 Romuli
720 1886 776 1952 ille
804 1887 956 1977 aequalis.
1004 1886 1168 1954 Haalrhius
1193 1887 1284 1954 Lati·

212 2020 285 2065 nam
307 2011 447 2065 nostram
468 2012 594 2090 gentem
617 2000 790 2090 opinatur,
811 2001 963 2090 quoniam
986 2012 1282 2069 memoraturaute-

213 2133 309 2202 quarn
330 2110 442 2177 Sabini
460 2124 674 2191 accesserant3
694 2134 759 2179 non
782 2112 894 2191 credo,
914 2136 988 2179 nam
1007 2114 1058 2181 rel
1075 2114 1108 2178 in
1127 2114 1284 2204 antiquis·

214 2224 300 2289 simis
329 2224 448 2289 fabulis
479 2223 519 2290 de
553 2224 692 2290 Romulo
721 2237 753 2290 et
782 2224 899 2304 Remo,
931 2249 1009 2315 quas
1035 2226 1094 2291 sibi
1120 2225 1189 2292 vult
1208 2226 1284 2305 illc,

214 2337 306 2427 plura
328 2337 436 2402 insunt
456 2360 493 2403 er
513 2361 552 2402 eo
574 2348 732 2427 tempore,
752 2359 852 2427 quum
872 2335 990 2402 Sabina
1010 2338 1103 2428 stirps
1123 2359 1196 2403 cum
1216 2338 1284 2403 Ro·

214 2473 308 2515 mana
338 2450 400 2516 iam
432 2450 580 2543 coaluit,
599 2472 681 2540 quae
710 2450 816 2515 omnia
848 2450 1025 2541 composita
1056 2462 1130 2514 suut
1157 2451 1191 2514 in
1210 2472 1282 2517 eum

215 2560 366 2642 modurn,
398 2574 433 2627 ut
464 2562 546 2627 nihil
576 2562 651 2627 inde
679 2561 796 2628 deduci
825 2563 934 2652 possit.
983 2561 1138 2661 Piglrjus2
1167 2561 1284 2628 deinde

217 2676 285 2741 sine
306 2672 467 2764 probabili
486 2685 672 2763 argumento
693 2696 746 2738 eos
770 2672 889 2738 Tibure
909 2671 1058 2737 oriundos
1078 2671 1165 2738 dixit.

260 2786 394 2853 Meliora
414 2797 524 2853 contra
544 2787 711 2877 proposuit
724 2784 871 2851 Niebuhr
882 2794 905 2863 ³,
925 2808 978 2850 eos
992 2783 1127 2851 Sabinos
1148 2786 1284 2878 appelli·

219 2913 290 2966 taos
308 2910 439 2990 propter
458 2897 635 2964 aediculam
655 2898 688 2962 in
707 2911 816 2964 monte
834 2897 1004 2981 Quirinali,
1032 2900 1064 2963 in
1083 2921 1145 2988 qua
1168 2898 1285 2966 Fabiae

214 3013 302 3104 genti
323 3012 452 3103 propria
472 3034 557 3077 sacra
577 3012 738 3102 gentilicia
758 3011 1010 3102 peragebantur;
1035 3013 1136 3078 simile
1154 3013 1231 3103 quid
1244 3013 1284 3079 de

216 3124 374 3192 Corneliis
401 3124 543 3191 affertur.
593 3124 680 3209 Quae
710 3125 819 3214 opinio
849 3124 949 3189 dubio
980 3124 1128 3193 nonnihil
1149 3126 1285 3192 obnoxia

215 3251 281 3318 est,
311 3261 375 3303 aon
408 3239 493 3304 enim
515 3237 597 3303 illud
617 3239 788 3304 memoriae
816 3236 966 3302 traditum
993 3249 1056 3317 est,
1084 3250 1120 3303 ut
1139 3237 1285 3305 Niebuhr

215 3350 398 3432 crediditl,
429 3352 514 3417 unde
544 3351 676 3417 fortasse
706 3351 779 3442 plus
808 3350 882 3416 huic
905 3350 1048 3440 opinioni
1069 3351 1200 3433 tribuit;
1230 3353 1284 3419 sed

216 3464 424 3530 confirmatur
446 3464 664 3556 Lupercorum
682 3463 810 3544 ordine,
830 3485 965 3553 quorum
981 3464 1077 3544 alter,
1093 3464 1285 3548 Quinctilio·

217 3600 288 3645 rum
318 3601 455 3669 nempe,
482 3577 627 3645 Latinam
650 3579 803 3669 originem
823 3577 953 3656 annuit,
973 3589 1008 3642 ut
1025 3600 1083 3643 suo
1104 3577 1175 3643 loco
1195 3577 1285 3642 ride·

217 3691 339 3771 bimus3
357 3691 460 3757 donec
480 3715 553 3782 ergo
574 3692 704 3758 meliora
727 3692 903 3770 inriautur,
925 3690 987 3755 hoc
1009 3691 1090 3757 tueri
1108 3712 1285 3780 possumus.

218 3802 376 3870 Cohaeret
401 3804 483 3870 illud
510 3828 625 3895 nempe
654 3828 727 3870 cum
747 3804 872 3870 duobus
890 3804 1018 3895 populis
1036 3826 1074 3869 ex
1092 3802 1210 3894 quibus
1227 3827 1287 3894 po·

218 3917 314 4008 pulus
343 3918 505 3984 Romanus
536 3918 708 4003 Quiritium
736 3918 872 3996 coaluit,
904 3916 1062 4006 exstirpe
1088 3916 1232 3982 Romana
1253 3929 1286 3983 et

144 4114 149 4119 Ι
221 4027 339 4099 Sabina
360 4044 392 4112 5;
430 4032 574 4122 sequitur
609 4031 693 4097 euim
733 4055 769 4096 er
812 4030 987 4096 innumeris
1023 4029 1102 4094 loeis
1140 4032 1285 4110 sacratis,

220 4166 356 4233 quorum
379 4144 466 4235 origo
488 4144 604 4210 Sabina
625 4145 790 4211 constabat
803 4157 832 4224 ⁶,
852 4144 957 4211 sedem
978 4165 1044 4209 esse
1062 4141 1168 4210 datam
1180 4143 1286 4210 desic-

249 4356 269 4424 ¹)
292 4361 360 4411 Pan.
384 4358 646 4411 mmxvrrcs.
716 4354 737 4424 ²)
754 4357 776 4406 1.
795 4361 854 4406 aar.
923 4352 943 4423 ὅ)
961 4326 1047 4407 Μ
1065 4358 1087 4408 1.
1106 4362 1171 4420 aar,
1195 4363 1242 4408 aar
1265 4376 1291 4410 n.

220 4447 285 4504 aro,
302 4446 338 4495 11.
361 4449 417 4495 ras.
433 4459 489 4508 pag.
508 4456 588 4506 marg.
603 4443 660 4492 edit.
679 4446 753 4492 1853.
788 4437 808 4506 4)
826 4437 860 4490 R.
883 4437 912 4490 G.
931 4441 968 4491 11.
987 4458 1013 4491 n.
1032 4446 1090 4492 aar.
1127 4439 1146 4509 ὁ)
1164 4439 1198 4493 R.
1220 4439 1250 4495 G.
1268 4445 1292 4494 Ι.

219 4532 267 4578 322
284 4544 337 4596 sqq.
408 4526 428 4595 ⁶)
445 4529 558 4590 Becker,
576 4524 674 4577 Hondb.
693 4525 717 4577 d.
735 4523 805 4576 Rom,
824 4522 927 4577 Altertlr.
945 4526 981 4577 11.
999 4527 1021 4577 1.
1041 4528 1100 4576 567.
