3194 5302
251 464 277 512 u.
288 461 391 507 rrnrcs
403 465 434 508 n.
446 466 473 508 s.
485 462 513 506 r.
525 463 553 507 n.
567 461 727 506 cincinnus
738 445 793 530 (5).
814 447 875 531 Μ.
897 463 1005 510 consur
1018 448 1075 513 111.
1090 446 1158 512 295.
1200 447 1237 508 61

490 640 563 724 sc.
614 636 738 704 Coum!
759 637 817 704 111.
841 643 918 706 295.

338 790 367 848 Q.
389 790 516 838 FABIUS
530 788 567 839 M.
587 789 616 839 F.
637 791 669 839 K.
687 790 721 838 N.
744 789 939 840 VIBULAIWS
953 787 1031 840 111¹.

338 882 363 932 l..
380 880 536 930 CORNELIUS
553 879 635 932 suut.
653 881 677 931 l‘.
696 882 721 931 L.
741 881 769 931 ll.
787 881 1066 932 audemusne.

218 984 344 1052 Bellum
363 985 474 1076 ingens
493 984 645 1052 al'olscis
663 997 695 1052 et
706 984 825 1076 Aequis
839 1008 941 1077 quum
958 986 1142 1054 nuntiatum
1157 997 1236 1066 est²,

163 1108 206 1163 ¹at
240 1097 329 1163 Antii
366 1097 580 1165 delectionem
610 1097 815 1179 metuebant,
846 1098 952 1165 Latini
977 1111 1009 1165 et
1035 1099 1167 1167 Hernici
1197 1121 1236 1165 ex

174 1209 299 1277 foedere
327 1210 405 1278 duas
434 1210 573 1278 militum
602 1222 708 1303 partes
739 1211 913 1292 dederunt,
943 1234 1116 1304 quoscum
1141 1213 1233 1279 tertia

174 1325 314 1391 Romans
339 1325 455 1392 Fabius
474 1325 583 1393 eduxit
607 1327 737 1394 Antium
759 1326 932 1418 petiturus,
962 1327 1002 1393 de
1020 1349 1083 1418 qua
1103 1324 1234 1417 expedi·

174 1437 259 1503 tione
283 1439 390 1504 statim
415 1437 531 1506 dicam.

217 1549 321 1641 Aequi
354 1551 525 1642 improviso
555 1573 659 1619 arcem
695 1551 907 1620 Tusculanam
937 1563 1032 1620 nocte
1066 1564 1235 1644 ceperant,

172 1662 258 1752 quod
279 1686 343 1729 non
363 1663 431 1729 sine
451 1662 632 1755 proditione
651 1663 794 1731 accidere
811 1664 934 1755 potuit,
953 1687 1027 1731 narn
1043 1664 1151 1731 Livius
1169 1675 1234 1729 tra·

172 1773 217 1839 dit
238 1775 269 1841 ri
290 1797 466 1866 numquam
486 1799 524 1843 eo
544 1775 643 1843 subiri
662 1776 812 1867 potuisse.
846 1774 944 1843 Cuius
964 1777 1010 1842 rei
1032 1798 1131 1867 quum
1151 1798 1235 1842 nun·

172 1887 231 1953 tius
254 1887 390 1954 Romam
411 1889 511 1966 veuit,
534 1901 624 1956 erant
645 1889 730 1955 enirn
751 1888 923 1956 Tusculani
944 1889 1162 1956 Romanorum
1182 1912 1234 1955 so·

172 1999 226 2077 cii,
244 1999 349 2091 iisqne
365 2000 462 2092 paulo
479 2013 552 2067 ante
569 1999 730 2092 Capitolio
745 2001 873 2069 obsesso
888 2000 1115 2082 subvenerant,
1135 2003 1234 2068 citato

173 2112 296 2201 agmine
324 2113 442 2179 Fabius
465 2114 639 2180 Tusculum
663 2115 785 2206 pergit,
819 2116 876 2182 ubi
894 2137 952 2206 per
971 2115 1095 2205 aliquot
1115 2138 1236 2182 menses

172 2223 327 2291 bellatum
349 2238 411 2306 est,
433 2226 535 2293 donec
556 2250 609 2293 arx
629 2239 755 2318 recepta
770 2240 832 2307 est,
852 2250 890 2295 ex
905 2250 968 2319 qua
988 2228 1087 2295 fames
1107 2228 1236 2318 Aequos

173 2336 323 2416 detraxit,
355 2338 412 2429 qui
443 2338 579 2407 inermes
608 2340 752 2432 nudique
779 2340 837 2408 sub
866 2341 975 2432 iugum
1007 2341 1187 2407 missisunt
1217 2365 1236 2405 a

173 2449 368 2519 Tusculanis.
399 2450 520 2520 &usal
539 2452 688 2544 hosfuga
706 2452 887 2519 sodomum
907 2453 1096 2542 recipientes
1107 2456 1236 2544 Aequos

172 2564 203 2628 in
225 2562 342 2653 Algido
366 2562 467 2630 fertur
487 2578 694 2645 consecutum
723 2588 841 2656 eosque
865 2564 904 2631 ad
928 2588 1027 2632 unum
1049 2589 1159 2633 omnes
1180 2589 1235 2633 oc-

175 2675 292 2743 cidisse.
343 2676 442 2760 Quam
477 2690 614 2745 atrocem
642 2680 760 2746 lamam
780 2678 844 2745 alio
864 2677 961 2745 modo
985 2678 1144 2770 explicare
1167 2703 1236 2747 rna·

174 2788 246 2868 lim,
264 2813 360 2880 quarn
377 2790 583 2858 Niebuhrio³
607 2792 747 2872 ridetur,
771 2786 915 2883 opinanti
932 2794 1062 2860 miseros
1079 2792 1152 2860 illos
1168 2816 1234 2860 non

175 2901 345 2970 crudeliter
362 2905 482 2972 occisos
500 2907 561 2972 nisi
580 2906 688 2972 uiolati
707 2905 844 2972 foederis
860 2906 994 2972 crimine
1008 2906 1129 2973 noxios.
1162 2904 1236 2972 Non

176 3015 218 3081 ita
250 3038 324 3106 ego,
355 3018 493 3083 Romani
523 3020 608 3085 enim
632 3018 818 3085 Tusculanis
839 3017 994 3110 oppidum
1017 3015 1237 3098 reddiderant,

175 3128 204 3194 in
226 3129 355 3221 Aequos
375 3132 549 3198 saevierant
567 3155 657 3199 more
671 3133 767 3198 solito
784 3131 887 3197 nudos
904 3131 964 3196 sub
982 3128 1093 3222 iugum
1110 3132 1237 3209 missos,

175 3243 198 3307 si
226 3242 363 3307 maiores
392 3265 510 3332 poenas
536 3265 660 3309 sumere
687 3243 875 3333 coluissent,
895 3242 1072 3332 potuissent
1089 3244 1237 3324 omnino;

176 3378 233 3421 neo
253 3377 332 3447 opus
351 3371 418 3421 erat
438 3356 476 3422 iis
492 3355 621 3423 insidias
638 3368 776 3434 struere,
792 3356 909 3446 quibus
927 3354 1071 3422 funditus
1091 3355 1171 3421 nudi
1186 3356 1238 3422 isti
1351 3343 1354 3346 ’

176 3467 373 3547 delerentur;
402 3479 513 3535 contra
536 3469 700 3536 victoriam
725 3468 896 3560 quamdam
918 3468 1069 3535 Romanis
1096 3468 1238 3536 vindica-

177 3581 249 3660 rirn,
266 3603 362 3671 quam
378 3583 550 3672 reportavit
569 3583 610 3650 de
628 3582 744 3674 Aequis
759 3606 831 3674 pars
848 3582 1002 3649 exereitus
1018 3604 1144 3662 eorum,
1159 3581 1238 3648 dum

179 3694 273 3761 altera
293 3717 397 3760 arcem
419 3694 599 3776 obsidebat;
619 3696 751 3763 fortasse
770 3696 928 3787 proelium
949 3707 1072 3785 gestum
1093 3707 1140 3762 est
1161 3717 1239 3761 con·

180 3817 224 3871 tra
252 3805 436 3896 Aequorum
465 3808 654 3888 exercitum,
684 3809 740 3899 qui
764 3808 901 3875 Tusculo
926 3807 1124 3886 subveniret,
1147 3808 1240 3874 cuius

183 3919 291 4007 proelii
310 3919 411 3985 exitus
432 3919 581 3989 nonnihil
601 3933 805 4012 exaggeratus
823 3933 870 3987 est
890 3944 908 3986 a
929 3921 1092 3989 Romanis.

224 4032 343 4099 Eodem
369 4055 454 4100 anno
474 4033 618 4101 Antiates
639 4033 774 4101 descisse
798 4034 881 4125 apud
904 4033 1075 4127 plerosque
1095 4046 1241 4102 auctores

207 4333 225 4399 ¹)
249 4336 317 4386 Fust.
335 4336 407 4401 capt.
425 4337 452 4386 h.
470 4351 508 4396 a.;
531 4339 589 4389 Lir.
606 4340 657 4390 111.
677 4344 724 4397 223
743 4338 819 4389 Dion.
837 4340 899 4391 Hal.
916 4339 952 4390 X.
971 4346 1019 4401 20,
1037 4339 1086 4390 XI.
1106 4344 1153 4400 63;
1170 4342 1244 4392 Diod.

177 4416 222 4467 Sic.
246 4419 293 4471 XI.
318 4424 350 4470 86
358 4444 365 4481 ;
390 4420 500 4473 Cassiod.
508 4443 515 4481 ;
538 4423 592 4474 An.
615 4424 692 4484 Nom
716 4423 785 4474 uass.
809 4423 860 4475 Sic.
931 4421 951 4492 ⁸)
974 4425 1031 4476 Liv.
1053 4425 1105 4476 111.
1129 4430 1245 4486 22-24;

177 4498 246 4553 Dion.
262 4503 323 4556 Hal.
341 4504 376 4556 X.
396 4511 443 4567 20,
463 4510 504 4556 21.
574 4503 594 4575 ⁸)
611 4505 646 4558 R.
667 4505 698 4560 G.
716 4508 753 4559 11.
772 4511 831 4559 287.
