3210 5300
332 433 393 505 338
476 463 503 512 o.
525 459 627 503 sanias
648 462 675 511 a.
697 461 726 506 r.
747 459 775 509 a.
797 459 826 502 a.
847 459 978 502 aramus
998 457 1166 502 aancraron
1187 440 1262 522 (33).

343 635 443 703 cellas
462 634 509 702 ΙΙΙ
527 648 560 703 et
578 648 689 702 contra
707 658 842 716 morem,
864 659 905 702 ex
926 659 991 728 quo
1012 659 1075 702 non
1098 635 1174 701 licet
1194 657 1267 702 enm
1287 658 1405 702 consu<-

345 751 409 816 lem
429 753 541 830 creari,
566 751 622 841 qai
642 750 779 816 comitiis
802 763 941 840 praeest,
964 751 1032 841 ipse
1052 748 1170 815 Fabius
1189 763 1297 816 noster
1318 764 1341 816 ¹.
1381 816 1387 823 ,

391 863 571 954 Antequam
588 864 705 931 Fabius
721 864 839 930 rediret
858 864 897 931 ad
911 865 1100 943 exercitam,
1124 863 1253 928 comitia
1268 862 1408 928 censoria

345 975 475 1058 babuit,
509 979 626 1069 quibus
653 978 697 1044 M.
727 979 842 1044 Atilius
870 978 1010 1068 Regulus
1038 989 1069 1043 et
1098 978 1132 1044 P.
1159 977 1275 1043 ll'urius
1300 975 1409 1041 Philus

347 1093 445 1157 creati
473 1104 565 1170 sunt,
599 1103 739 1157 attamen
765 1103 899 1182 propter
922 1091 1013 1158 Furii
1031 1102 1167 1156 mortem
1187 1091 1322 1156 lust-rum
1343 1112 1408 1157 nou

347 1202 512 1269 conditum
533 1215 597 1283 est3
621 1225 728 1268 serere
759 1224 887 1268 censum
916 1213 1050 1292 egerunt
1068 1214 1103 1281 ²,
1125 1200 1238 1266 acerbe
1262 1198 1410 1265 animad-

347 1327 511 1382 verterunt
545 1317 580 1383 in
610 1339 662 1382 eos
695 1315 838 1405 equites,
872 1316 928 1405 qui
955 1316 994 1380 ad
1023 1312 1149 1380 Cannas
1175 1325 1410 1404 pugnaverant,

350 1429 406 1518 qui
427 1429 512 1493 tribu
532 1429 612 1494 moti
631 1439 662 1493 et
680 1428 770 1518 equis
788 1427 923 1493 ademtis
950 1428 1026 1492 iussi
1046 1439 1119 1492 suut
1139 1426 1276 1517 pedibus
1295 1425 1409 1491 mereri

347 1545 380 1606 in
404 1536 523 1608 Sicilia.

395 1648 551 1719 Omnibus
582 1665 611 1732 ⁸,
643 1654 700 1744 qui
729 1653 768 1719 ad
798 1652 971 1719 exercitum
999 1664 1109 1732 erant,
1136 1662 1338 1743 prorogatum
1362 1663 1411 1716 cst

346 1765 535 1857 imperium,
560 1766 677 1856 quibus
701 1770 740 1831 ta
761 1766 901 1855 legiones
921 1765 1109 1831 distributae
1127 1776 1217 1844 suot,
1240 1787 1294 1829 sex
1310 1786 1412 1829 nome

347 1901 462 1968 nempe
491 1881 627 1971 scriptae
655 1893 761 1960 erant,
792 1881 876 1947 inter
895 1902 972 1970 quas
992 1881 1121 1945 volones
1142 1899 1272 1969 quaque
1291 1899 1413 1942 nomen

347 1990 515 2057 dederuut.
562 1990 631 2057 Nec
650 1993 756 2057 minus
776 1990 882 2057 classis
903 2010 1025 2056 summa
1045 1989 1200 2054 industria
1220 2001 1328 2079 parata
1347 2001 1409 2068 cst,

348 2116 477 2169 centum
497 2127 595 2171 naves
613 2100 768 2171 deductae
787 2115 860 2170 suut
880 2126 962 2194 quae
982 2114 1121 2169 armatae
1137 2116 1208 2169 aaut
1225 2113 1258 2167 et
1272 2102 1410 2168 instruc·

348 2227 399 2282 tae
426 2218 555 2308 pri-ratis
582 2220 741 2310 impensis.
789 2218 931 2303 Quarum
951 2240 1058 2283 reram
1080 2216 1241 2285 Hannibal
1261 2225 1275 2263 ⁴
1295 2216 1410 2282 certior

347 2331 450 2396 factus
470 2355 487 2396 a
508 2331 666 2421 legatione
689 2331 944 2422 Campanorum,
965 2332 1071 2398 statim
1090 2330 1181 2420 Arpis
1196 2341 1296 2401 castra
1312 2328 1409 2396 morit

347 2443 432 2508 etin
454 2466 562 2532 agrum
585 2443 727 2511 'filatum
745 2443 853 2511 denuo
874 2468 907 2510 sc
926 2444 1072 2509 contulit.

392 2555 511 2623 Fabius
541 2555 581 2622 dc
607 2580 696 2623 more
723 2557 866 2648 prodigia
890 2558 1029 2648 primum
1049 2556 1250 2647 procurarit,
1274 2550 1356 2646 qliae
1376 2569 1413 2620 ut

349 2664 459 2731 Livius
483 2681 496 2717 ⁵
524 2666 662 2755 ingenue
688 2667 862 2735 admodum
887 2669 1021 2748 fatetur,
1045 2691 1083 2734 eo
1103 2667 1197 2759 plura
1217 2668 1411 2734 nuntiaban-

349 2789 418 2856 tur,
436 2800 500 2867 quo
519 2779 618 2868 magis
631 2780 669 2845 iis
686 2780 859 2847 credebant
875 2781 1034 2872 simplices
1050 2804 1088 2847 ac
1102 2782 1242 2872 religiosi
1257 2780 1410 2848 homines.

351 2889 434 2955 Tum
455 2889 597 2982 Capuam
617 2916 650 2958 se
673 2894 811 2960 contulit
829 2906 961 2985 propter
981 2894 1168 2960 Hannibalis
1187 2895 1262 2975 iter,
1287 2896 1414 2985 opinor;

350 3024 413 3091 qua
438 3002 470 3067 in
491 3004 692 3095 expeditione
714 3004 793 3073 Cato
813 3029 885 3074 cum
906 3005 1006 3072 Fabio
1028 3019 1137 3073 nostro
1156 3007 1411 3074 adolescentulus

350 3115 511 3205 profectus
532 3129 580 3182 est
598 3119 773 3186 secundum
793 3121 978 3187 Ciceronem
992 3132 1022 3198 θ,
1038 3118 1174 3210 Nepos⁷
1192 3132 1303 3186 contra
1317 3120 1416 3186 tradit

349 3251 424 3294 eum
448 3227 511 3294 boc
530 3253 614 3297 anno
634 3213 799 3298 tribunum
820 3231 961 3297 militum
981 3233 1014 3297 in
1034 3229 1142 3297 Sicilia
1161 3228 1325 3299 militasse
1378 3315 1382 3325 ,
1412 3249 1418 3263 ’

394 3341 602 3433 Sempronius
622 3356 635 3396 ⁸
656 3346 713 3436 qui
731 3346 815 3410 circa
837 3344 1003 3410 Luceriam
1022 3356 1167 3424 steterat,
1187 3347 1293 3436 copias
1312 3350 1416 3412 Bene·

350 3468 481 3522 rentum
501 3456 690 3523 admonitio
706 3481 777 3523 eam
793 3459 893 3538 riam,
909 3480 968 3549 per
981 3478 1078 3549 quam
1095 3459 1254 3525 Hannibal
1272 3457 1428 3550 Capuam.

350 3581 489 3659 peteret,
523 3571 577 3635 sed
606 3593 674 3636 soro
704 3572 807 3651 veuit,
837 3572 900 3637 iam
929 3571 969 3637 de
993 3594 1082 3638 more
1104 3572 1229 3638 Poenus
1250 3574 1417 3648 transierat

352 3693 384 3746 et
411 3681 451 3746 ad
478 3682 582 3748 lacum
615 3683 733 3749 Averni
762 3696 775 3734 θ
805 3706 893 3750 sacro
914 3685 1054 3776 quadarn
1073 3698 1202 3776 peracto
1223 3698 1352 3776 repente
1372 3686 1414 3751 ad

352 3794 502 3861 Puteolos
519 3796 745 3887 opprimendas
764 3800 919 3879 severtit,
938 3821 1053 3891 quasa
1074 3799 1173 3865 Fabio
1192 3799 1290 3866 modo
1307 3800 1416 3865 muni-

352 3919 403 3973 tos
425 3931 492 3974 esse
512 3909 661 3989 disimns3
685 3911 806 3978 interea
828 3936 938 4004 agrum
959 3912 1138 3980 Cumanum
1158 3915 1291 3980 vastarit
1315 3935 1421 4003 usque

353 4019 393 4085 ad
424 4019 583 4086 Misenum
609 4002 873 4113 promontorium.
920 4024 1003 4092 Nola
1032 4026 1071 4093 ad
1101 4027 1313 4093 Hannibalem
1341 4049 1415 4091 mox

381 4237 403 4305 ι)
418 4240 476 4290 Lis.
495 4239 599 4292 mv.
619 4246 717 4305 ΜΟ,-
737 4246 829 4298 Zonar.
846 4247 898 4298 ΙΧ.
914 4253 938 4297 4.
982 4245 1012 4314 11)
1029 4250 1086 4300 Liv.
1104 4248 1208 4299 XXIV.
1229 4253 1273 4310 11,
1299 4253 1344 4307 183
1361 4246 1429 4299 Val.

346 4324 419 4374 Max.
428 4326 535 4376 11.a.8.
569 4324 589 4393 ⁵)
607 4329 836 4394 Liv.xx1v.1o‚
854 4337 895 4383 ll.
930 4329 950 4397 4)
968 4334 1192 4385 namura.
1227 4331 1247 4399 5)
1265 4332 1368 4383 XXIV.
1383 4337 1425 4382 1⁰.

345 4406 367 4473 6)
388 4405 448 4457 cato
466 4413 482 4458 4
499 4409 512 4474 a
532 4414 577 4473 ιο,
594 4409 669 4463 Brut.
691 4419 721 4464 19
739 4416 753 4482 a
772 4419 814 4469 77.
870 4414 891 4482 ⁷)
914 4413 1003 4467 catal
1026 4419 1041 4482 ς
1062 4424 1083 4468 1.
1141 4416 1162 4485 8)
1180 4419 1238 4470 Liv.
1259 4416 1361 4469 XXIV.
1383 4421 1426 4466 12.

345 4491 367 4561 ⁹)
384 4494 442 4545 Lis.
461 4493 564 4548 XXIV.
586 4502 625 4548 13.
