3154 5294
323 505 544 552 metenses.
557 505 587 551 rr.
600 489 838 572 snussstsm.
861 488 921 572 §2
941 504 1071 552 sununs.
1176 490 1232 553 141

168 686 323 752 mentatio
344 684 385 751 de
405 685 530 752 iudiciis
550 687 687 776 publicis
712 709 747 751 ca
768 698 891 752 tentum
912 686 952 752 de
972 709 1065 753 causa
1084 686 1235 769 afferam,

168 809 204 866 ut
224 799 335 864 tollam
355 799 491 890 glossam
512 821 529 863 e
550 800 690 890 margine
708 822 789 890 quac
806 800 1114 892 rideturirrepsisse3
1138 799 1235 868 Glau-

169 911 235 991 dia,
255 913 332 1002 App.
345 910 440 978 Caeci
458 911 653 978 nobilissima
669 913 735 977 filia
756 936 772 978 a
795 912 877 978 ludis
896 924 1056 979 revertens
1072 914 1155 978 male
1177 912 1235 977 ha·

168 1026 234 1091 bita
254 1027 357 1092 fertur
374 1025 499 1091 dixisse:
532 1039 680 1116 »quanto
708 1027 822 1091 arctius
850 1027 1033 1092 conflictata
1061 1047 1178 1103 essem,
1209 1026 1235 1090 si

172 1138 226 1227 [P.
243 1137 420 1226 Claudius]
434 1139 558 1226 frater
578 1161 669 1203 meus
689 1138 794 1203 navali
812 1139 936 1229 proelio
949 1139 1078 1204 classem
1098 1159 1171 1203 cum
1184 1137 1235 1202 in·

168 1253 255 1342 genti
286 1252 403 1317 cisium
432 1274 566 1317 numere
598 1274 661 1317 non
690 1251 912 1342 perdidisset;'’
936 1274 1031 1318 nemo
1054 1274 1118 1316 non
1147 1249 1235 1317 videt

167 1377 331 1431 matronae
356 1387 421 1430 non
454 1387 534 1456 opus
558 1365 654 1431 fuisse
685 1364 802 1431 addere
833 1365 895 1431 »R
921 1364 1105 1446 Claudius”,
1130 1386 1236 1455 neque

167 1479 331 1544 Romanae
360 1499 449 1543 aures
478 1499 583 1568 neque
612 1501 669 1544 uos
690 1477 901 1568 explicatione
927 1476 1121 1568 indigemus,
1147 1475 1236 1542 suffi-

165 1590 284 1669 ciebat,
309 1602 344 1655 ut
366 1615 383 1657 a
404 1592 527 1658 Livi0¹
554 1591 666 1656 dixisse
689 1591 853 1656 inducitur
873 1590 999 1656 »irater
1023 1593 1141 1657 meus.”

535 1780 552 1862 §
577 1776 607 1837 2.
654 1773 817 1839 Nummus
843 1785 866 1836 2.

213 1926 355 1993 Publius
377 1924 586 1994 OLAtsltius
606 1925 866 2006 retonuit·
884 1940 980 2020 caput
998 1928 1050 1994 dei
1069 1927 1238 2021 Triumphi

170 2040 360 2106 cincinnatis
389 2040 513 2131 capillis
542 2053 704 2118 ornatum,
729 2041 824 2107 fascia
848 2041 921 2107 illos
942 2041 1128 2123 redimenti,
1151 2065 1237 2132 pone

168 2156 272 2222 littera
300 2154 336 2221 Τ.

213 2269 347 2335 Marcus
366 2267 525 2335 FABlus
549 2266 584 2333 0.
596 2269 632 2333 F.
646 2266 867 2341 trelltts&
891 2268 1026 2334 triremis
1043 2290 1117 2334 cum
1132 2270 1235 2334 remis.

215 2381 401 2447 Goltzianus
428 2379 519 2446 hicce
540 2379 703 2459 denarius,
730 2393 763 2445 ut
784 2381 883 2471 spurii
902 2381 954 2447 isti
975 2380 1093 2457 solent,
1117 2380 1237 2447 doctis·

170 2496 264 2561 simos
291 2494 372 2559 viros
398 2518 414 2559 a
443 2496 493 2559 ria
518 2493 663 2560 detraxit.
720 2491 773 2560 Sic
794 2493 981 2560 Vaillantius
1001 2515 1076 2559 eum
1094 2505 1237 2583 spectare

171 2607 321 2674 credebat
352 2606 391 2672 ad
423 2606 558 2673 Fabium
584 2607 748 2685 Licinum,
773 2607 923 2697 quicum
945 2607 980 2674 P.
1002 2605 1137 2673 Claudio
1159 2607 1238 2672 Pul-

170 2724 246 2788 chrc
274 2734 425 2812 quaestor
455 2721 595 2787 urbanus
617 2744 701 2786 anno
726 2725 792 2788 526
812 2743 885 2787 eum
907 2721 1059 2811 signasset
1080 2721 1113 2787 in
1133 2719 1238 2786 hono·

169 2858 234 2901 rem
263 2834 321 2901 Gn.
353 2833 459 2900 Fulvii
487 2834 670 2901 Centumali
699 2858 757 2926 pro
779 2835 911 2902 consule
929 2858 967 2901 ex
987 2834 1104 2925 Illyriis
1124 2834 1238 2901 trium·

169 2947 308 3040 phantis.
354 2946 441 3014 Num
470 2960 557 3015 recte
586 2961 683 3040 caput
715 2949 771 3015 ilie
802 2950 949 3015 tribuerit
971 2950 1065 3039 genic
1089 2948 1237 3027 tutelari,

169 3063 284 3128 nescio.
334 3060 462 3152 Pighius
484 3072 591 3127 autem
612 3062 761 3152 cogitavit
782 3061 822 3127 de
839 3062 901 3128 deo
922 3062 1116 3152 Triumpho,
1141 3084 1238 3152 quem

168 3176 287 3242 indicat
308 3176 412 3240 littera
438 3174 486 3240 T!
522 3174 605 3240 Vide
625 3197 721 3265 quam
745 3176 870 3265 egregie
891 3174 1022 3240 fallatur
1038 3173 1237 3265 Campensis3

171 3290 292 3380 siguum
323 3301 370 3354 est
398 3289 628 3367 monetarium,
657 3289 703 3354 nil
727 3288 833 3367 aliud,
858 3287 945 3378 qued
966 3288 1089 3354 etiamsi
1109 3300 1156 3353 est
1176 3309 1238 3352 nu-

171 3403 355 3468 mismaticis
371 3423 448 3469 crux
467 3401 710 3480 inextricabilis,
736 3415 841 3468 tamen
861 3401 1066 3492 intelligitur3
1090 3412 1122 3466 ct
1140 3421 1237 3490 quem

170 3539 286 3606 quaeso
306 3516 519 3581 monetarium
537 3515 596 3580 tibi
624 3516 725 3605 fingas
744 3527 807 3581 tam
838 3515 922 3580 male
944 3515 1120 3604 signantem
1142 3524 1238 3603 eaput

172 3631 247 3695 certi
278 3627 442 3694 cuiusdam
468 3627 535 3707 dei,
556 3640 591 3693 ut
615 3629 702 3694 illius
724 3651 841 3693 nomen
867 3639 947 3693 esset
976 3624 1237 3704 adscribendum3

172 3754 202 3806 et
218 3741 383 3832 quomode
394 3762 511 3831 quaeso
533 3763 651 3805 nomen
673 3739 839 3829 adscripsit
850 3738 987 3816 scilicet,
1003 3760 1065 3803 una
1077 3735 1238 3815 litterula,

172 3878 253 3946 quae
274 3878 338 3921 non
359 3866 485 3920 tantum
506 3851 718 3944 Triumphum
737 3876 845 3919 rerum
860 3851 1059 3929 Terminum,
1080 3863 1111 3917 et
1130 3852 1238 3917 nescio

174 3989 266 4056 quem
287 3964 477 4044 indicassct3
501 3966 630 4055 quinam
652 3963 768 4030 deinde
788 3964 885 4029 fucrit
899 3963 1068 4055 peculiaris
1083 3961 1239 4054 triumphi

174 4079 258 4158 deus,
267 4102 319 4145 me
331 4079 452 4145 nescire
465 4078 576 4156 fateor,
587 4099 693 4168 neque
704 4077 770 4143 eius
779 4078 816 4141 fit
828 4078 948 4143 mentio
959 4076 1238 4167 usquam,opinor,

175 4205 296 4281 praeter
309 4191 499 4282 Pighianum
511 4193 630 4258 locum.
655 4191 754 4256 Miror
766 4191 1030 4282 Havercampium
1051 4212 1114 4256 non
1136 4213 1237 4255 anno·

177 4316 252 4371 tasse
272 4328 355 4395 quae
373 4306 436 4370 iam
451 4306 544 4396 plura
555 4317 664 4371 contra
677 4306 819 4396 spurium
835 4305 930 4370 istum
943 4303 1080 4396 proferri
1095 4314 1236 4395 possunt.
1280 4300 1282 4304 ’

203 4558 222 4627 ¹)
238 4563 304 4628 Epit.
323 4562 400 4613 XIX.
454 4559 475 4630 ²)
493 4561 572 4614 vsitt.
589 4560 634 4614 N0.
654 4565 682 4622 65
701 4561 766 4611 Mor.
785 4559 861 4613 XVI.
881 4566 905 4611 6.
