3212 5294
282 407 342 471 248
425 426 451 475 c.
475 422 577 470 riorus
597 425 629 468 n.
652 426 677 468 s.
702 424 730 467 u.
753 424 781 466 rr.
804 423 934 467 urricus
955 424 1120 468 autmarus
1140 407 1216 491 (17).

292 601 454 669 adversam
482 623 622 693 pugnam
654 600 752 667 ulturi
778 600 880 666 socios
899 601 940 667 ab
958 602 1046 667 omui
1067 615 1157 694 parte
1179 604 1358 695 imperaror

294 727 380 793 rant,
412 737 548 805 quorum
576 713 714 781 bostium
737 735 904 780 numerum
925 713 1041 779 Fabius
1059 738 1124 781 nou
1144 715 1283 783 audebat
1303 742 1360 808 ag·

293 826 401 919 gredi,
431 850 503 893 narn
531 828 615 893 malo
642 849 788 894 successu
808 826 894 893 idern
914 826 1033 894 fecerat
1053 852 1137 894 anuo
1156 841 1230 896 ante
1252 830 1360 897 Aemi-

293 941 370 1022 lius,
402 942 459 1033 qui
479 941 710 1008 atrocissimum
736 941 894 1032 proelium
916 940 1045 1021 inierat,
1068 964 1105 1008 er
1128 965 1194 1033 quo
1215 943 1242 1008 si
1261 944 1363 1010 rictor

295 1053 440 1120 rediisset
470 1067 567 1145 atque
594 1053 792 1144 triumphum
815 1064 1021 1144 reportasset,
1051 1054 1137 1120 baud
1159 1055 1224 1121 scio
1242 1079 1282 1122 au
1304 1077 1358 1147 per

295 1180 481 1257 sequentem
511 1190 631 1233 aunum
660 1169 767 1234 hostes
797 1165 880 1233 hauc
910 1167 1022 1233 urbem
1052 1168 1211 1235 obsessam
1239 1169 1359 1236 tenuis·

297 1292 383 1360 sent3
407 1281 461 1346 sed
488 1280 550 1346 hoc
575 1280 689 1349 obiter.
735 1280 854 1346 Fabius
874 1280 1006 1346 meliora
1025 1292 1057 1345 et
1075 1282 1245 1348 audaciora
1264 1305 1359 1349 cona·

295 1405 386 1459 turus
415 1414 566 1482 magnum
585 1403 676 1482 parat
696 1391 835 1470 lacinus,
850 1392 1026 1481 transgredi
1044 1393 1154 1460 silvam
1176 1392 1359 1473 Ciminiam,

297 1528 380 1596 quae
411 1503 555 1570 Sutrium
591 1505 675 1571 inter
710 1517 743 1571 et
771 1527 859 1571 mare
888 1504 1087 1594 Tyrrhenum
1118 1507 1217 1588 iacet,
1251 1520 1287 1573 ut
1316 1506 1359 1572 sic

296 1620 447 1685 Etruscos
474 1617 654 1684 includeret
682 1617 723 1683 ab
750 1617 787 1683 iis
813 1617 870 1708 qui
890 1616 1033 1684 Sutrium
1054 1618 1258 1698 obsidebant,
1282 1642 1360 1710 quor

296 1733 341 1801 sic
370 1731 410 1796 ab
442 1744 577 1822 utraque
604 1742 696 1821 parte
717 1730 846 1820 aggredi
865 1742 994 1820 possent
1013 1731 1165 1811 Romani,
1189 1744 1360 1822 antequam

295 1845 402 1937 plures
424 1845 533 1935 copiae
553 1866 627 1908 cum
650 1843 715 1909 illis
735 1867 768 1910 se
787 1843 973 1910 iunxissent.

346 1953 1363 2034 ffimdbmssmwffimmmmmmmmfflmmn

297 2082 420 2139 catores
443 2092 512 2135 eam
532 2069 695 2161 adierant3
719 2067 779 2134 hoc
798 2068 965 2134 Liuianum
987 2068 1109 2135 dictum
1131 2069 1325 2137 Niebubrius
1350 2085 1359 2122 ¹

297 2183 391 2250 nimis
409 2205 520 2272 urgere
542 2181 685 2259 ridetur,
710 2204 781 2246 nam
803 2180 859 2246 diu
880 2193 954 2247 ante
974 2182 1135 2248 Romanos
1156 2205 1230 2249 cum
1254 2183 1363 2250 Tuscis

295 2308 507 2363 mercaturam
538 2296 648 2361 iecisse
679 2317 803 2361 necnon
834 2295 985 2372 bellasse,
1015 2319 1080 2361 nou
1107 2295 1284 2386 obloquor,
1307 2297 1364 2362 sed

296 2411 343 2475 nil
360 2407 536 2500 quidquam
558 2409 671 2498 probat
692 2408 775 2474 illud
797 2408 837 2474 de
858 2409 934 2474 silra
955 2409 1032 2488 ista,
1052 2432 1109 2500 per
1127 2432 1224 2500 quam
1239 2410 1364 2477 deviam

297 2523 453 2591 exercitus
482 2543 571 2586 nuuc
600 2534 668 2587 erat
698 2520 881 2601 ducendus,
913 2523 1009 2612 rulgo
1032 2522 1116 2587 enim
1137 2546 1195 2612 per
1214 2523 1273 2588 alia
1294 2523 1365 2588 loca

298 2659 423 2702 necnon
446 2658 505 2725 per
525 2633 667 2700 Sutrium
690 2634 750 2700 iter
769 2634 942 2701 faciebant.
978 2633 1124 2699 Haalrhio
1144 2635 1270 2701 ridetur
1287 2658 1364 2726 pro·

297 2750 350 2815 cul
382 2747 480 2812 dubio
510 2769 547 2811 er
576 2747 702 2812 Pictore
731 2748 857 2813 fluxisse
889 2745 968 2813 hacc
996 2747 1153 2828 narratio,
1182 2771 1247 2813 uun
1269 2747 1366 2827 mihi,

297 2885 372 2927 nam
406 2861 527 2950 primus
562 2859 618 2923 ille
649 2859 811 2926 annalium
843 2873 955 2927 auctor
985 2884 1050 2927 non
1080 2861 1160 2927 adeo
1188 2861 1365 2928 elaborarit

299 2972 480 3051 historiam,
515 2983 625 3036 contra
661 2973 793 3039 seriores
820 2972 950 3039 demum
980 2975 1013 3038 in
1043 2974 1269 3040 minutioribus
1298 2975 1365 3041 istis

298 3084 451 3176 augendis
480 3084 654 3152 admodum
682 3085 743 3151 sibi
770 3087 918 3177 placent;
942 3085 991 3152 his
1013 3110 1092 3176 opus
1111 3109 1178 3152 esse
1198 3086 1366 3153 ridebatur

298 3212 408 3266 ornata
425 3199 525 3277 lama,
542 3221 605 3290 quo
623 3200 737 3266 melius
753 3199 853 3265 audax
873 3199 997 3265 lacinus
1017 3197 1108 3265 Fabii
1124 3198 1367 3267 describeretur.

298 3314 422 3402 Pugnat
450 3311 566 3378 deiude
593 3337 652 3404 pru
683 3312 743 3379 bac
772 3337 842 3379 mea
872 3313 1100 3404 explicatione,
1132 3312 1219 3403 quod
1247 3313 1366 3380 Fabius

301 3426 423 3492 miserit
452 3427 666 3517 speculatores
692 3427 730 3492 ad
755 3426 993 3517 longinquiores
1019 3425 1111 3493 urbes
1139 3426 1269 3505 Tuscos,
1293 3427 1368 3517 qui-

302 3540 436 3605 buscum
472 3539 605 3605 societas
636 3553 703 3605 erut
732 3540 890 3618 ineunda,
924 3563 965 3606 ne
993 3540 1174 3606 inimicitias
1205 3552 1368 3630 gererent,

304 3653 383 3720 dum
405 3655 518 3720 consul
541 3677 557 3718 a
579 3652 690 3719 Sutrio
711 3654 861 3720 Etruscos
882 3652 1060 3743 repelleret.

350 3767 573 3857 Speculatores
591 3767 743 3857 pastorali
761 3766 874 3834 babitu
893 3768 999 3833 induti
1018 3779 1224 3858 penetrarunt
1242 3768 1282 3835 ad
1306 3768 1368 3836 Ca·

303 3894 419 3948 mentes
440 3879 599 3959 Umbros,
619 3879 675 3970 qui
696 3880 848 3947 Romanis
866 3880 983 3947 auxilia
999 3893 1277 3971 commeatumque
1296 3878 1371 3972 pol·

304 3995 385 4061 liciti
404 4007 488 4061 sunt.
517 3992 607 4060 Idem
627 3993 737 4060 retulit
756 3994 905 4074 Florus2,
927 3994 1097 4086 quiquam
1118 3994 1318 4086 negligenter
1334 3996 1369 4061 in

304 4109 433 4174 historia
459 4105 627 4173 scribenda
654 4118 794 4173 versatus
814 4108 928 4184 luerit,
952 4107 1024 4174 luce
1045 4108 1160 4174 clarius
1179 4123 1312 4200 apparet
1332 4133 1369 4176 es

305 4222 366 4288 hoc
386 4224 474 4301 loco,
500 4245 571 4286 nam
592 4220 668 4285 huic
689 4234 774 4287 trans
794 4220 967 4288 Ciminium
986 4221 1101 4288 saltum
1119 4221 1224 4288 itineri
1237 4223 1374 4288 subiun-

335 4448 897 4541 nndmm.mnmm
