3194 5302
184 457 214 509 u.
227 458 330 503 ruerus
341 460 372 503 n.
385 461 411 503 r.
423 458 451 501 n.
464 457 666 504 utrumnum
678 438 732 525 (5).
748 443 769 525 t
780 444 809 506 6.
821 459 1004 509 ineuntur.
1016 449 1181 513 unu1s296.
1202 451 1242 513 65

168 647 263 735 gister
292 643 432 732 equites3
460 639 565 706 media
587 653 681 705 nocte
700 641 733 705 iu
755 640 904 731 Algidum
926 645 1079 724 veniunt,
1101 647 1235 736 ancipiti

165 757 288 849 proelio
319 755 431 821 consul
459 766 491 819 et
519 753 657 819 dictator
676 752 782 819 hostes
801 757 1046 846 aggrediuntur,
1069 773 1232 851 pugnatur

165 872 268 937 donec
289 868 486 934 debellatum
504 880 567 947 est;
584 868 744 958 principos
763 868 802 935 ad
816 870 933 936 seduci
945 872 1036 938 iubet
1053 862 1233 941 dictatoret

164 982 284 1074 oppido
312 980 474 1049 Corbione
494 980 663 1060 decedere;
687 981 767 1046 nudi
791 983 895 1074 Aequi
916 985 974 1050 sub
993 986 1104 1076 iugum
1125 988 1233 1066 missi,

164 1120 200 1163 er
228 1096 339 1162 castris
364 1095 480 1186 praeda
509 1095 611 1160 omnis
636 1095 794 1161 militibus
814 1095 901 1176 data,
925 1099 973 1164 uil
992 1098 1134 1165 ldinucio
1152 1121 1232 1165 eon·

163 1230 303 1289 cessum,
334 1209 391 1299 qui
411 1230 444 1274 se
463 1208 633 1274 consulatu
656 1208 817 1275 abdicarit
837 1210 891 1277 sed
912 1213 1027 1278 mansit
1048 1213 1088 1278 ad
1108 1213 1231 1279 exerci-

163 1335 231 1388 tum
257 1323 346 1387 iussu
372 1319 556 1400 dictatoris,
587 1342 683 1411 quem
711 1335 884 1412 patronum
909 1324 1025 1390 salutat
1048 1347 1231 1416 coronaque

164 1457 256 1501 aurea
286 1435 400 1501 libram
430 1433 539 1525 pondo
569 1448 670 1501 crunt.
717 1435 852 1502 Romam
872 1436 1010 1504 dictator
1030 1438 1232 1529 triumphans

163 1546 256 1613 rediit
275 1560 308 1613 et
328 1547 422 1613 citius
442 1547 633 1627 abdicasset,
654 1548 687 1612 ni
709 1549 837 1613 comitia
858 1548 900 1615 M.
925 1549 1033 1616 Volsci
1053 1551 1126 1617 falsi
1144 1552 1233 1618 testis

164 1684 235 1727 eum
266 1661 458 1740 tenuisseut3
493 1661 661 1745 Quinctius
692 1661 819 1728 decimo
846 1675 934 1728 serto
964 1663 1017 1729 die
1047 1664 1233 1755 magistratu

163 1776 250 1842 abiit.
298 1774 441 1840 Minucio
466 1775 584 1841 Fabius
609 1797 771 1840 successor
795 1775 907 1842 missus
927 1789 986 1843 est.

205 1889 297 1954 Hane
317 1889 531 1954 narrationem
548 1887 697 1954 nonnihil
715 1888 894 1955 fabulosam
911 1912 978 1955 esse
996 1889 1137 1955 ostendit
1152 1889 1230 1956 Nie-

162 2001 383 2093 bubr¹,quam
397 2003 496 2068 verbo
508 2005 716 2093 attingam,et
731 2003 775 2067 sie
787 2002 959 2093 disputabo
970 2001 1011 2068 de
1027 2004 1230 2092 magistratu,

163 2138 225 2206 quo
235 2116 353 2181 Fabius
364 2114 539 2181 nosterboc
550 2116 772 2181 annofuuctus
784 2128 841 2180 est.
855 2114 1003 2205 Quinque
1014 2116 1112 2181 vallos
1123 2139 1232 2182 seeum

163 2228 243 2294 lerra
274 2228 419 2293 solebant
450 2228 587 2294 Romani
607 2229 725 2294 milites
743 2227 829 2294 hand
849 2229 919 2295 leve
937 2251 1020 2294 onus
1039 2252 1231 2320 sanequam‚

161 2343 232 2432 quis
262 2343 325 2408 iarn
355 2341 467 2407 credet
493 2365 546 2408 eos
572 2342 769 2408 transtulisse
790 2342 955 2407 duodenos
977 2341 1077 2408 vallos
1105 2354 1232 2432 praeter

158 2456 278 2520 cibaria
299 2456 330 2520 in
353 2454 505 2544 Algidum
527 2455 568 2520 ab
585 2455 665 2520 urbe
684 2459 727 2519 20
745 2454 844 2519 millia
866 2476 1031 2544 passuum,
1051 2455 1137 2544 quod
1156 2479 1231 2546 spa·

159 2570 240 2634 tium
270 2567 413 2657 legiones
443 2566 517 2632 illae
548 2578 687 2631 armatae
713 2577 810 2654 atque
836 2576 987 2629 oneratae
1007 2565 1090 2628 intra
1114 2587 1231 2654 paucas

158 2681 252 2746 horas
278 2681 400 2745 scilieet
419 2679 642 2758 decurrerunt3
666 2676 773 2743 hostes
798 2699 910 2743 eorum
930 2677 1086 2742 adrentus
1107 2678 1157 2743 vix
1176 2703 1232 2768 ag-

158 2794 315 2860 uoierunt
346 2794 370 2858 si
397 2793 451 2858 llis
479 2793 602 2884 placet,
628 2793 693 2857 imo
727 2792 832 2857 statim
863 2790 1145 2857 circumvallantur
1174 2816 1233 2883 per

156 2908 364 2998 paucissimas
393 2906 493 2973 horas.
543 2907 619 2991 Quis
651 2930 715 2972 non
746 2905 830 2972 videt
852 2906 913 2970 alio
934 2905 1031 2970 modo
1052 2905 1231 2973 Minucium

156 3020 334 3086 liberatum
362 3041 449 3097 esse,
479 3041 577 3108 quem
602 3018 708 3083 hostes
736 3017 983 3083 circumclusum
1003 3018 1174 3096 tenebant,
1198 3032 1230 3084 et

155 3135 217 3200 ista
238 3132 346 3198 omnia
366 3133 441 3197 licta
464 3154 531 3197 esse
552 3143 650 3222 atque
670 3131 816 3209 inventa,
845 3141 881 3194 ut
909 3143 1077 3196 ornaretur
1097 3132 1229 3197 victoria

153 3245 193 3312 de
218 3246 340 3335 Aequis
365 3243 470 3335 deque
488 3267 599 3310 eorum
616 3243 697 3309 duce
717 3242 861 3309 Graccho
880 3242 1014 3310 Cloelio.
1052 3241 1126 3308 Non
1142 3244 1229 3311 enirn

154 3371 235 3425 tunc
268 3358 383 3423 ducem
413 3359 508 3422 illum
537 3369 611 3422 ante
648 3380 775 3423 currum
807 3356 1034 3448 triumphantis
1064 3356 1227 3423 dictatoris

151 3472 295 3537 Romam
324 3494 391 3536 esse
416 3469 549 3537 ductum
577 3494 613 3535 ex
634 3494 672 3537 eo
692 3483 836 3551 constut,
865 3471 954 3560 quod
980 3493 1064 3535 anno
1086 3475 1148 3536 311
1174 3471 1231 3536 de·

149 3609 243 3651 mum
273 3596 384 3675 captus
412 3585 509 3649 luerit
531 3584 727 3675 Geganiique
754 3584 892 3649 consulis
912 3583 1112 3674 triumphurn
1135 3607 1229 3649 orna-

152 3700 247 3765 verit.
296 3697 443 3787 Denique
464 3697 547 3762 lacta
568 3697 621 3763 illa
641 3698 791 3788 equidem
813 3698 857 3762 sie
877 3697 1028 3788 expedio:
1054 3696 1090 3780 Q.
1110 3698 1229 3763 Fabius

149 3824 265 3879 noster
291 3809 353 3875 fuit
380 3810 559 3901 praelectus
589 3811 699 3890 Urbis,
728 3824 764 3876 ut
788 3810 898 3878 Livius
920 3824 951 3876 et
972 3811 1142 3899 Dionysius
1162 3823 1228 3876 tra·

149 3926 252 4005 dunt,
275 3923 387 4003 idest,
406 3946 444 3989 eo
463 3923 656 4013 fungebatur
675 3947 824 4002 munere,
850 3946 946 4014 quem
964 3947 1048 3988 anuo
1069 3927 1133 3989 285
1153 3945 1228 3988 eum

149 4050 321 4130 gerentem
342 4036 495 4116 vidimus,
512 4049 546 4102 et
567 4060 651 4102 anno
671 4040 736 4103 274
751 4049 884 4128 patruus
906 4037 1035 4126 gessisse
1056 4037 1192 4102 traditur
1202 4049 1227 4116 ²,

149 4153 280 4243 legatus
311 4152 375 4217 sire
402 4151 625 4241 proconsule,
645 4150 849 4216 etiamsihoc
878 4151 972 4215 titulo
999 4173 1065 4215 non
1085 4163 1225 4217 ornatus.

150 4265 239 4333 Hinc
260 4263 382 4354 duplex
404 4275 543 4330 attamen
564 4263 723 4335 diversum
746 4287 861 4331 munus
881 4263 976 4330 facile
998 4264 1147 4355 explicari
1166 4287 1228 4355 po-

179 4524 200 4592 l)
218 4521 257 4574 R.
281 4517 368 4574 G.11.
388 4527 533 4575 298-303.
587 4521 606 4590 ²)
625 4523 663 4577 cf.
682 4522 743 4589 Cap.
761 4536 781 4572 11
798 4522 812 4588 d
829 4529 844 4573 3
863 4524 937 4574 huius
954 4523 1039 4584 Libri,
1057 4538 1082 4588 p.
1101 4528 1143 4573 32.

1069 4611 1088 4670 5
