3194 5302
334 525 352 584 4
637 537 807 582 scelerosus
828 537 864 579 us
886 535 981 579 curru
1005 536 1100 579 ranst.

342 727 487 794 aedilitas
519 724 755 815 suppeditaret;
783 723 858 788 hine
879 722 1010 811 singulis
1029 722 1119 787 annis
1140 735 1276 812 quantae
1294 748 1403 817 super-

344 842 406 907 sint
428 840 578 905 tenebrae
599 861 663 904 uon
683 837 836 928 estquod
858 836 980 915 dicam,
1009 838 1076 900 sine
1096 824 1165 901 ullo
1186 837 1409 928 disputationis

341 977 431 1020 meae
448 952 640 1018 detrimento
659 963 840 1041 quaestores
858 951 930 1015 illos
943 948 1127 1038 Pighianos,
1142 949 1181 1017 de
1198 953 1313 1042 quibus
1330 954 1411 1020 clas-

343 1068 398 1133 sici
426 1069 473 1132 nil
492 1065 663 1132 memoriae
687 1063 901 1141 tradiderunt,
931 1064 1053 1128 auctori
1075 1087 1132 1130 suo
1150 1064 1379 1155 relinquamus.

389 1181 427 1247 G.
456 1181 490 1245 A.
519 1179 652 1269 Ruperti
679 1177 868 1268 compendio
895 1176 1045 1241 historiae
1065 1177 1228 1244 Romanae
1250 1180 1411 1246 subiunxit

344 1294 490 1359 Tabulas
506 1292 738 1382 genealogicus
755 1295 824 1355 sace
835 1288 1017 1355 Stemmata
1026 1291 1310 1356 nobilissimarum
1325 1292 1412 1360 Gea-

344 1411 426 1470 tr'am
453 1405 682 1470 Romanarum
710 1403 841 1492 (1794),
869 1403 926 1492 qui
950 1401 1038 1492 quod
1062 1402 1101 1467 ad
1121 1416 1259 1469 nostram
1281 1405 1413 1481 attinet,

343 1519 473 1584 Streinii
501 1530 633 1583 stemma
662 1516 844 1606 descripsit,
873 1515 958 1579 unde
986 1539 1106 1581 errores
1135 1517 1308 1596 commisit,
1334 1540 1414 1607 quos

345 1632 444 1698 ritate
473 1632 642 1722 potuisset,
680 1631 705 1694 si
734 1629 821 1694 adire
844 1629 994 1694 voluisset
1021 1643 1227 1695 monumenta
1258 1643 1333 1696 turn-
1355 1631 1413 1696 de·

344 1769 453 1822 mum,
474 1757 528 1809 aut
546 1746 640 1832 louge
660 1743 773 1807 melius
794 1765 890 1831 quam
911 1741 1257 1833 Streiniitemporibus
1278 1744 1413 1832 cognita.

391 1850 560 1922 llleliorum
591 1855 762 1920 Fabiorum
793 1855 973 1944 catalogum
995 1855 1175 1920 invenimus
1195 1855 1228 1919 in
1253 1856 1415 1922 Onomas-

347 1974 410 2036 ta'ci
430 1970 584 2035 Tulliani
601 1968 661 2034 rol.
683 1967 745 2031 Vll
765 1979 855 2056 parte
874 1966 926 2045 ll,
948 1991 1043 2056 quem
1066 1967 1089 2033 l.
1112 1967 1147 2035 C.
1169 1967 1271 2034 Orelli
1290 1982 1322 2034 et
1340 1963 1415 2037 LG.

346 2085 454 2150 Baiter
481 2082 650 2148 ediderunt
682 2082 813 2168 (1838),
845 2081 901 2170 qui
929 2081 1083 2146 Maximos
1103 2093 1226 2148 tantum
1247 2099 1278 2148 et
1297 2105 1417 2173 paucos

347 2221 384 2262 er
408 2197 542 2285 reliquis
566 2195 694 2260 familiis
718 2193 965 2283 descripserunt.

395 2309 656 2400 Locupletiorem
681 2307 770 2373 dedit
800 2306 825 2373 l.
850 2306 885 2374 G.
908 2307 944 2372 F.
965 2306 1052 2371 Bahr
1073 2308 1214 2397 (Algam.
1234 2309 1416 2402 Esaayclop.

347 2425 408 2489 aler
428 2424 639 2489 Wa'ssecsch.
661 2447 693 2486 a.
711 2422 835 2488 Kanst.
852 2444 916 2486 ron
936 2421 1049 2485 Erech
1066 2422 1137 2485 aad
1150 2420 1297 2501 Graber,
1322 2427 1441 2488 1844..
1488 2400 1491 2408 .
1578 2374 1579 2385 ¹

346 2537 407 2602 rol.
435 2536 506 2612 XL,
536 2537 568 2599 in
595 2537 743 2601 lemmate
770 2534 879 2599 Fabia
907 2536 1035 2622 Gens),
1062 2534 1137 2599 satis
1165 2536 1328 2626 copiosum
1352 2537 1419 2601 siu·

347 2651 430 2740 gulis
457 2649 564 2712 Fabiis
591 2648 700 2712 addita
722 2648 938 2727 enarratione,
967 2668 1025 2711 nec
1046 2658 1150 2712 tamen
1172 2648 1263 2713 labor
1283 2649 1340 2714 ille
1360 2650 1418 2715 ab·

348 2762 471 2827 solutus
502 2773 566 2838 est,
596 2761 745 2824 clariores
774 2772 897 2824 tantum
929 2761 1091 2839 tractavit,
1121 2762 1304 2852 genealogia
1337 2763 1419 2828 bene

348 2875 576 2940 administrata.

394 2987 483 3052 Idem
512 2987 567 3051 ille
597 2987 710 3052 eodem
741 2999 883 3077 tempore
915 2988 1080 3078 descripsit
1109 2989 1225 3054 Fabios
1256 3014 1328 3068 eos,
1360 2992 1417 3083 qui

348 3102 442 3166 laude
462 3102 614 3166 litteraria
634 3101 862 3182 inclaruerunt,
893 3103 924 3166 in
946 3103 990 3172 A.
1011 3104 1124 3191 Pauly
1146 3104 1419 3191 licat-Encyclo·

341 3216 467 3307 paedia
486 3215 548 3279 der
572 3212 681 3280 Class.
702 3215 932 3281 Alterlamsw.
956 3216 1018 3280 vol.
1039 3215 1086 3280 lll
1107 3241 1138 3306 p.
1164 3221 1224 3281 401
1237 3222 1351 3282 403.

396 3329 461 3394 llos
494 3351 604 3393 omnes
636 3328 730 3418 longe
758 3341 885 3418 superat
915 3329 973 3396 td.
998 3329 1123 3407 Haalrb‚
1144 3331 1198 3419 qui
1223 3331 1255 3394 in
1276 3330 1419 3395 eiusdem

351 3443 454 3533 operis
483 3442 545 3506 vol.
564 3440 612 3504 lll
631 3466 662 3530 p.
684 3445 855 3506 366-401
884 3455 915 3506 et
940 3441 981 3505 Vl
1001 3468 1030 3532 p.
1053 3447 1139 3509 2899
1149 3448 1275 3510 -2926
1301 3445 1417 3534 (1852)

351 3577 460 3619 ornnes
481 3554 506 3619 F
509 3554 598 3618 abios
617 3553 850 3617 accuratissime
866 3566 898 3617 et
916 3553 1130 3643 copiosissime
1149 3552 1329 3645 descripsit,
1345 3577 1422 3646 per-

351 3668 496 3733 scrutatis
509 3667 656 3732 omnibus
668 3667 870 3731 classicorum
884 3689 1008 3732 necnon
1020 3668 1198 3758 praecipuis
1209 3669 1422 3734 recentiorum

351 3782 541 3871 scriptorum
562 3779 653 3855 locis,
685 3778 740 3868 qui
759 3777 822 3843 huc
840 3791 999 3868 spectant3
1028 3780 1210 3869 principum
1230 3781 1333 3869 gentis
1354 3779 1423 3846 his-

351 3895 464 3959 toriam
480 3892 649 3981 diligenter
657 3904 840 3982 persecutus
857 3890 941 3956 baud
952 3914 1051 3982 pauca
1063 3915 1143 3957 nora
1155 3904 1223 3957 tum
1236 3892 1275 3957 de
1292 3892 1423 3958 histum

353 4006 392 4069 dc
424 4003 555 4092 reliquis
576 4003 724 4067 omnibus
743 4003 895 4093 protulit,
928 4003 1145 4094 genealogiam
1165 4004 1247 4069 bene
1267 4005 1422 4072 adminis-

353 4117 449 4183 trarit
467 4128 576 4180 contra
595 4117 864 4195 numismatican13
885 4116 1024 4206 denique
1041 4116 1085 4182 ita
1106 4117 1145 4182 de
1166 4119 1235 4183 eius
1255 4142 1348 4210 opere
1369 4121 1423 4184 iu-

355 4231 460 4294 dicare
490 4253 554 4294 noc
583 4228 712 4307 dubito,
742 4241 776 4293 ut
806 4229 899 4294 huius
927 4230 1028 4319 gentis
1048 4229 1178 4296 historia
1200 4254 1264 4297 nou
1284 4232 1424 4322 amplius

355 4341 526 4408 desiderari
567 4341 719 4435 videatur.
777 4341 840 4408 Sed
877 4343 1019 4409 nondum
1048 4343 1128 4409 mihi
1158 4345 1341 4412 innotuerat
1365 4346 1424 4410 ille

355 4457 452 4535 liber,
471 4479 570 4546 quum
594 4478 677 4520 anno
701 4459 786 4522 1852
808 4479 879 4521 meo
900 4457 1001 4522 lllarte
1022 4457 1061 4522 de
1082 4468 1175 4546 gente
1198 4457 1296 4523 Fabia
1311 4457 1421 4548 dispu-

357 4569 509 4636 tationem
529 4568 789 4648 conscribebam,
812 4569 923 4634 scdulo
944 4594 980 4635 er
1004 4570 1140 4636 classicis
1162 4570 1304 4636 collectis
1324 4593 1422 4661 quae·
