3210 5300
333 439 394 503 340
474 457 503 507 o.
523 456 625 500 ramus
646 456 674 505 o.
695 455 723 499 r.
744 456 772 506 o.
794 455 822 499 rr.
844 452 974 498 uaxruus
992 452 1164 500 conoraroa
1184 438 1259 520 (33).

367 622 467 700 'Muri
495 633 626 699 Tarenti
653 632 716 699 iarn
746 631 845 699 diruti
868 641 973 712 erant,
996 653 1097 723 quum
1118 631 1281 699 Hannibal
1298 632 1398 700 adie-

336 745 446 812 niebat
466 743 640 826 Caulonis,
663 757 743 811 tunc
759 745 984 837 Metapontum·
1003 769 1036 811 se
1054 745 1191 836 recepit,
1217 745 1273 811 nbi
1292 743 1398 812 Cunc-

337 871 472 925 tatorem
501 856 541 923 ad
570 857 770 948 colloquium
794 858 956 936 invitarit,
975 857 1014 923 ad
1036 880 1134 948 quem
1151 858 1271 924 interea
1289 857 1397 948 plures

336 971 430 1038 urbes
449 970 626 1038 transibant
649 985 677 1051 ¹;
701 971 819 1037 Fabius
835 982 849 1021 ²
870 971 932 1036 iam
952 982 988 1036 ut
1008 970 1068 1036 iret
1083 982 1211 1061 paratus
1226 992 1291 1036 non
1309 972 1398 1037 frau-

335 1085 427 1151 datus
446 1097 493 1151 est
510 1084 632 1150 insidiis
651 1083 796 1164 Punicis,
817 1084 966 1150 sisennas
985 1105 1050 1149 non
1071 1082 1262 1162 addixerint,
1281 1084 1345 1151 siro
1360 1095 1396 1150 ut

335 1198 500 1265 Zonaras⁸
525 1196 639 1275 tradit,
663 1195 752 1288 quod
770 1196 904 1287 epistola
924 1197 1135 1285 suspicionem
1158 1195 1318 1263 movisset.

381 1309 528 1376 Venditis
543 1310 692 1400 captivis,
711 1331 847 1400 quorum
864 1308 1005 1401 pretium
1021 1309 1053 1374 in
1071 1309 1225 1376 aerarium
1243 1308 1398 1390 contulit,

336 1427 426 1490 3000
448 1423 584 1502 talenta,
610 1435 644 1489 ut
669 1422 764 1488 tradit
785 1422 990 1501 Plutarchus,
1013 1422 1150 1489 Romam
1168 1421 1263 1488 rediit
1282 1422 1396 1490 trium·

335 1536 437 1629 phans
461 1537 487 1601 si
507 1535 680 1602 Plutarcho
703 1543 716 1582 ⁴
737 1535 862 1615 eredas,
886 1537 942 1627 qui
961 1534 1052 1601 addit
1070 1534 1158 1601 huno
1174 1535 1280 1626 priore
1301 1535 1397 1602 luisse

334 1649 587 1729 honoratiorem,
621 1649 731 1716 Livius
760 1671 870 1715 rerum
899 1649 947 1714 nil
976 1647 1074 1715 habet
1093 1649 1134 1714 de
1156 1647 1338 1740 triumpho,
1360 1671 1398 1715 ex

335 1764 425 1832 euius
448 1761 629 1830 testimonio
650 1777 664 1814 ⁵
688 1762 750 1828 hoc
768 1775 895 1829 tantum
915 1760 1072 1841 deducas,
1095 1784 1168 1827 euru
1187 1775 1260 1854 post
1279 1784 1397 1829 anuum

334 1876 585 1970 praeterlapsum
619 1874 758 1942 rediisse.
814 1874 981 1941 Plutarchi
1016 1875 1147 1940 unicum
1180 1875 1396 1942 testimonium

335 2000 517 2081 suspectum
542 1988 623 2054 mihi
647 2001 709 2069 est,
733 2013 807 2055 narn
826 1989 956 2054 nullum
975 1988 1113 2053 Romani
1132 2000 1265 2078 egerunt
1283 1989 1397 2054 trium·

333 2103 436 2195 phum
466 2126 524 2193 per
552 2114 656 2169 totum
684 2101 746 2168 hoc
767 2102 909 2180 bellum,
932 2123 992 2167 nec
1011 2113 1057 2167 est
1077 2123 1134 2166 cur
1152 2100 1192 2167 de
1212 2103 1397 2189 exceptione

334 2217 527 2307 cogitemus,
550 2230 712 2309 receperat
729 2215 860 2307 quidem
878 2215 1070 2294 Tarentum,
1091 2214 1145 2279 sed
1162 2212 1323 2280 llannibal
1339 2214 1397 2279 de·

334 2329 430 2420 gebat
454 2329 559 2396 adhuc
582 2330 617 2394 in
640 2329 743 2396 ltalia.

334 2488 338 2493 -
378 2442 550 2531 Postquam
571 2439 689 2505 Fabius
707 2440 829 2505 Romae
846 2461 988 2506 reversus
1003 2450 1085 2516 erat,
1109 2437 1149 2504 de
1166 2450 1251 2504 sorta
1269 2439 1396 2506 Tarenti

332 2577 438 2622 coram
458 2554 517 2619 illo
537 2563 645 2618 actum
663 2565 710 2618 est
732 2565 762 2631 t,
785 2575 846 2619 nec
866 2551 992 2618 colonia
1011 2551 1116 2618 adhuc
1137 2550 1254 2617 deduci
1271 2564 1394 2643 poterat

334 2668 413 2735 belli
441 2688 551 2745 causa,
584 2665 707 2756 placuit
734 2689 807 2755 ergo
832 2665 1020 2731 Tarentinos
1050 2667 1133 2731 intra
1162 2666 1289 2732 moenia
1317 2687 1394 2731 con·

333 2780 438 2847 tincri.

380 2893 463 2959 Tum
490 2890 653 2957 inducitur
673 2902 686 2940 ⁷
714 2893 861 2984 princeps
880 2904 1007 2959 senatus
1025 2892 1208 2958 conciliasse
1226 2892 1310 2957 iuter
1328 2914 1394 2958 sese

332 3006 495 3074 Naronem
525 3005 717 3096 Liriumque
745 3005 890 3071 consules
915 3005 949 3071 in
969 3027 1088 3071 anunm
1109 3008 1172 3071 547
1195 3003 1393 3094 designatos,

333 3117 570 3212 qnorumbuno
589 3120 714 3186 monuit
736 3129 748 3169 ⁸
769 3141 812 3184 nc
829 3117 1016 3209 priusquam
1036 3140 1134 3207 genus
1157 3115 1297 3183 hostium
1317 3139 1393 3207 cog-

332 3246 452 3315 nosset,
475 3245 595 3300 temere
614 3255 745 3299 manum
765 3244 961 3311 consereret,
994 3231 1081 3323 qnod
1103 3230 1143 3298 ab
1164 3254 1202 3297 eo
1221 3231 1393 3322 exspectari

330 3359 466 3438 poterat.

378 3461 484 3546 Quum
511 3461 608 3552 paulo
635 3472 709 3551 post
739 3461 772 3525 in
802 3471 914 3526 senatu
942 3458 1096 3550 agebatur
1122 3457 1162 3523 de
1184 3457 1291 3523 Africa
1310 3478 1391 3522 nora

330 3575 493 3665 provincia
506 3573 541 3641 P.
557 3572 701 3663 Scipioni
713 3572 928 3653 decernenda,
948 3572 1090 3639 Fabiust
1112 3570 1191 3637 adeo
1212 3569 1392 3637 adversatus

330 3700 377 3754 est
407 3688 472 3767 illi,
505 3699 541 3753 ut
568 3686 706 3778 suspicio
736 3686 819 3753 adsit
849 3686 1105 3766 inimicitiarum
1140 3706 1200 3750 nec
1230 3683 1335 3750 Africa
1358 3682 1389 3748 ei

330 3802 457 3869 decreta
485 3812 550 3881 est,
584 3813 695 3891 postea
723 3813 829 3867 umen
859 3801 1065 3892 permittente
1085 3810 1197 3865 senatu
1215 3798 1338 3864 traiecit
1356 3797 1391 3862 in

221 3962 228 3977 .
329 3915 488 3994 Africam,
513 3913 553 3978 de
577 3913 696 4004 quibus
719 3914 866 3981 omnibus
894 3914 997 3982 multa
1017 3923 1123 4004 patres
1148 3922 1338 3978 censuerunt
1357 3922 1391 3976 et

327 4030 476 4122 princeps
498 4050 575 4119 prae
599 4028 722 4096 ceteris.

355 4247 377 4317 ¹)
392 4250 496 4313 Eutrop.
513 4248 565 4298 111.
586 4252 626 4299 le.
678 4245 699 4311 ²)
716 4248 773 4300 Lir.
791 4249 909 4301 XXVII.
931 4255 961 4300 16
968 4272 975 4310 ;
997 4248 1150 4301 Placeat.
1171 4253 1210 4299 19.
1262 4245 1349 4311 ³)1x.
1368 4253 1395 4299 8.

320 4333 340 4399 ⁴)
357 4332 473 4385 Fora.
508 4328 528 4398 5)
545 4331 715 4385 xxvnnr.
750 4330 771 4399 θ)
788 4334 844 4386 Lir'.
855 4333 972 4387 XXVII.
983 4339 1030 4396 25,
1045 4339 1087 4385 35.
1122 4332 1143 4398 ⁷)
1159 4334 1216 4385 Llr.
1229 4333 1340 4385 XXVII.
1350 4337 1395 4382 35.

319 4416 340 4485 ὃ.)
357 4418 413 4469 Lis.
431 4414 549 4469 XXVIL
569 4422 616 4477 4⁰3
639 4418 699 4469 Val.
716 4417 790 4469 Max.
808 4418 857 4470 IX.
879 4424 903 4470 3.
925 4424 947 4469 1.
998 4416 1020 4487 ⁹)
1036 4420 1093 4472 Lir.
1117 4417 1252 4474 xxvnl.
1275 4421 1394 4478 ⁴0—443

318 4503 386 4555 Plut.
404 4500 467 4553 Feb.
486 4505 534 4563 2⁵,
552 4499 612 4553 Par.
630 4509 653 4555 et
669 4501 731 4556 Fae.
753 4507 778 4555 2.
