3194 5302
483 465 504 548 5
525 468 553 527 5.
574 481 663 529 meur
684 484 851 531 cunrrxrcu
873 487 1032 532 rroxouuu.
1251 474 1289 534 21

218 675 362 722 mensem
390 668 422 724 et
442 658 630 749 quinctilem
650 661 790 741 fiebant,
814 664 886 754 quis
908 686 1026 755 quaeso
1048 661 1213 733 historiam
1233 689 1288 733 ex·

213 768 398 858 cogitasset,
423 770 508 838 uude
529 773 673 864 sequitur
689 775 894 867 aliquatenus
913 777 1026 843 saltem
1047 777 1176 845 definiri
1194 803 1287 870 posse

215 902 377 948 sacrorum
402 894 538 975 tempus.

262 993 397 1060 Gravior
416 997 561 1086 quaestio
581 1010 643 1078 est,
667 998 794 1065 cuinam
816 999 877 1067 deo
899 1001 1013 1068 fierent
1033 1002 1109 1081 ista;
1136 1003 1287 1093 cogitarit

215 1103 362 1171 Niebuhr
385 1106 425 1173 dc
456 1106 594 1177 Semoue
619 1109 724 1179 Sanco
745 1125 802 1178 aut
831 1112 983 1193 Fabidio,
1007 1113 1062 1180 sed
1091 1113 1126 1180 hi
1146 1114 1284 1182 Sabino-

214 1240 285 1284 rum
315 1219 367 1285 dei
389 1221 435 1287 nil
459 1221 621 1290 habebant
640 1246 812 1293 commune
831 1248 905 1293 cum
926 1227 1050 1308 Fabiis,
1079 1251 1139 1295 nec
1160 1239 1285 1295 constat

214 1330 340 1397 llabidii
371 1355 506 1415 nomeu,
538 1337 594 1427 qui
624 1339 701 1412 Ζεὺς
730 1339 852 1413 rrlrrur
884 1339 981 1405 luisse
1010 1338 1151 1421 ridetur3
1183 1342 1284 1432 magis

211 1444 319 1533 placet
350 1446 449 1513 altera
479 1451 631 1540 suspicio,
664 1450 836 1518 Herculem
864 1475 938 1518 eum
960 1452 1073 1531 fuisse,
1101 1476 1176 1519 uam
1197 1452 1284 1520 huuc

211 1568 375 1624 auctorem
405 1561 507 1651 gentis
535 1562 762 1652 gloriabantur.
811 1564 852 1631 At
881 1566 953 1656 quis
984 1564 1094 1631 credat
1121 1566 1284 1633 homiuem

211 1669 306 1736 illum
336 1685 392 1738 aut
420 1672 447 1739 si
476 1676 575 1742 maris
604 1675 700 1745 deum
730 1678 884 1744 exstitisse
913 1691 946 1744 et
975 1678 1086 1746 vixisse
1113 1680 1147 1746 iu
1174 1678 1283 1756 Italia3

212 1774 299 1850 uude
316 1783 414 1875 igitur
432 1787 523 1855 istam
546 1787 667 1856 habeut
687 1791 907 1882 genealogiam
928 1790 1045 1858 nisiex
1065 1793 1160 1859 sacris
1178 1789 1284 1881 genti·

211 1895 303 1964 liciis.
344 1899 395 1964 Ab
415 1901 636 1993 antiquissimo
664 1904 740 1969 inde
768 1915 912 1995 tempore
933 1903 1012 1971 deus
1036 1904 1092 1970 ille
1118 1904 1286 1970 colebatur

210 2008 252 2074 ab
279 2009 387 2090 Italis,
410 2033 468 2078 cur
488 2035 606 2102 quaeso
626 2014 745 2080 maiore
757 2010 887 2081 >honore
908 2037 982 2081 euru
1001 2015 1160 2105 persecuti
1179 2027 1284 2081 essent

211 2122 324 2204 llabii,
362 2125 423 2190 uisi
458 2125 597 2215 quodam
629 2127 760 2194 nomine
789 2127 1004 2206 excelluisset;
1042 2126 1182 2218 denique
1210 2151 1285 2218 prom

209 2234 318 2326 prium
338 2236 399 2303 sibi
413 2236 500 2304 hunc
514 2239 643 2329 genium
659 2239 753 2305 Fabii
770 2240 935 2318 colebant,
955 2240 1043 2331 quod
1059 2255 1095 2308 ut
1110 2240 1285 2331 antiquarii

209 2349 421 2441 explicarent,
439 2373 539 2442 quum
557 2374 650 2418 causa
665 2376 719 2419 eos
733 2353 873 2443 fugerat,
889 2353 1110 2443 excogitarunt
1121 2375 1194 2418 cum
1208 2350 1284 2416 huic

209 2463 297 2552 genti
321 2464 416 2530 luisse
437 2476 609 2532 auctorem.
657 2465 777 2533 bladam
798 2490 847 2531 res
868 2466 902 2531 in
921 2477 1016 2555 geute
1034 2465 1151 2532 Na'utia
1169 2475 1179 2513 ¹
1199 2476 1282 2543 erat,

209 2599 294 2666 qnae
314 2577 488 2644 Minervam
509 2579 655 2658 colebat,
681 2590 717 2643 ut
735 2603 811 2669 gens
830 2578 974 2670 Sulpicia
995 2590 1008 2629 ²
1029 2582 1154 2661 lorem3
1179 2577 1281 2643 Anto-

210 2689 258 2755 nii
289 2698 319 2769 2,
352 2690 488 2769 Pinarii,
523 2691 631 2757 Potitii
661 2704 673 2743 ⁴
708 2691 819 2758 itidem
851 2691 1042 2771 Herculem,
1067 2714 1149 2782 quae
1176 2691 1282 2757 omnia

209 2803 325 2869 eodem
351 2804 448 2870 modo
467 2805 651 2895 explicanda
671 2805 837 2884 ridentur,
858 2819 890 2872 et
911 2816 1042 2897 propter
1063 2804 1282 2871 Romanorum

211 2917 385 2983 vanitatem
407 2918 556 2983 nonnihil
575 2931 669 2984 aucta
689 2932 772 2985 sunt.

258 3031 412 3098 Hercules
433 3055 497 3121 quo
517 3033 580 3097 ritu
599 3032 773 3112 coleretur,
798 3031 925 3099 Seruius
945 3046 958 3083 ⁵
979 3030 1072 3096 nobis
1089 3042 1201 3096 auctor
1222 3044 1282 3097 esta

209 3170 276 3212 non
318 3145 435 3211 licebat
469 3145 701 3211 lectisternium
732 3169 799 3211 esse
834 3147 867 3209 in
900 3146 967 3210 eius
1003 3144 1141 3235 templo,
1175 3167 1281 3234 neque

208 3260 296 3351 apud
317 3284 402 3325 aram
423 3259 610 3339 Maximam,
634 3281 740 3349 neque
759 3259 839 3324 serui
860 3280 966 3347 neque
988 3256 1130 3321 libertini
1148 3257 1215 3322 istis
1228 3258 1280 3321 iu·

209 3386 364 3453 tererant;
398 3395 506 3438 omues
536 3384 645 3463 aperto
674 3372 778 3463 capite
802 3370 851 3436 illi
875 3391 961 3436 saera
991 3368 1153 3434 iaciebant
1175 3378 1206 3449 θ,
1240 3393 1280 3436 nc

209 3486 283 3577 quis
306 3476 451 3550 habitum
480 3483 532 3549 dei
557 3483 750 3559 imitaretur,
783 3504 854 3546 nam
880 3481 949 3572 ipse
973 3490 1085 3570 operto
1106 3479 1209 3544 stabat
1229 3504 1282 3545 ca·

208 3598 288 3691 pite.
336 3597 457 3663 Eadem
485 3597 629 3688 exceptio
659 3596 693 3660 in
724 3594 853 3661 Saturni
882 3593 974 3659 cultu
1004 3603 1086 3669 erat,
1119 3592 1209 3657 cuius
1234 3594 1280 3657 rei

209 3734 306 3778 causa
317 3734 382 3777 esse
398 3710 519 3801 potuit,
536 3708 624 3800 quod
640 3707 808 3798 indigenae
819 3706 867 3771 illi
882 3706 1017 3783 luerint,
1043 3729 1115 3771 nam
1132 3705 1281 3770 omnibus

208 3822 344 3912 reliquis
369 3821 429 3886 diis
449 3842 535 3886 saera
556 3819 612 3910 qui
632 3818 792 3883 faciebant
815 3818 920 3909 capita
942 3816 1044 3882 relare
1063 3829 1131 3882 erat
1149 3816 1279 3908 religio,

209 3936 269 4027 qui
297 3936 375 4001 ritus
403 3932 579 4000 secundnm
611 3932 786 3997 Varronem
818 3932 852 3997 in
883 3930 1015 3996 Graecia
1039 3929 1175 3996 valebat.
1221 3931 1279 3998 His

208 4050 377 4127 convenit,
409 4047 496 4138 quod
526 4046 642 4113 Fabius
670 4045 771 4111 Dorso
800 4043 918 4110 diserte
944 4042 1114 4110 traditur⁷
1153 4043 1279 4110 Gabino

206 4164 319 4228 cinctu
348 4172 466 4226 statuta
495 4181 581 4225 sacra
609 4158 769 4224 iacturum
796 4182 863 4225 esse
890 4156 1088 4249 prolectum3
1118 4156 1163 4221 sic
1192 4158 1278 4224 enim

240 4359 260 4426 ¹)
287 4361 357 4412 Serv,
382 4359 417 4409 ad
439 4356 500 4410 Aen.
523 4359 561 4408 11.
583 4362 646 4420 166,
670 4358 721 4408 111.
745 4361 809 4417 407,
833 4357 867 4408 V.
894 4357 951 4406 704.
1039 4351 1059 4420 ²)
1077 4353 1148 4405 Suet.
1169 4349 1239 4404 Gau.
1259 4362 1283 4405 2.

202 4444 225 4511 ³)
244 4446 311 4499 Plut.
328 4443 388 4496 Ant.
406 4451 430 4495 4.
501 4441 522 4508 ⁴)
539 4444 596 4495 Lis.
614 4444 637 4492 1.
659 4446 682 4503 7,
699 4442 749 4492 ΙΧ.
769 4447 811 4491 29.
882 4436 901 4508 ⁵)
919 4436 963 4490 Ad
976 4435 1037 4490 Aen.
1052 4440 1206 4502 vaurts,
1225 4443 1281 4491 179.

201 4531 225 4601 ⁶)
243 4533 353 4584 Macrob.
372 4527 425 4582 Sat.
443 4531 494 4583 III.
513 4533 538 4580 6.
608 4525 629 4596 ⁷)
646 4528 703 4579 Liv.
721 4528 756 4579 V.
776 4529 817 4576 46.
