3210 5300
645 419 666 501 ᾗ
691 419 736 482 19.
759 438 864 484 nunni.
1236 428 1296 491 353

218 620 304 684 liano
331 619 403 707 (48)
430 617 486 709 qni
510 614 656 705 Lilybaei
676 627 805 683 steterat
824 638 898 685 oum
918 619 1032 697 classe,
1057 617 1096 685 de
1114 618 1284 689 serviliani

216 746 363 822 praetura
386 733 431 798 nil
454 731 606 796 innotuit.
653 729 799 821 Denique
820 731 861 797 de
882 730 993 798 Sicilia
1011 733 1216 823 cogitandum
1234 750 1283 804 est

217 869 282 911 non
313 845 464 937 amplius,
497 865 603 935 neque
631 842 673 910 de
702 844 827 910 colonia
856 844 987 911 militari
1019 867 1092 913 cum
1122 847 1282 919 Morellio.

217 959 357 1025 Bouhier
380 971 490 1025 eontra
509 971 640 1027 conatus
660 970 707 1024 est
727 957 891 1025 denarium
912 958 1099 1026 Cunctatori
1117 961 1279 1030 rindieare

215 1085 345 1164 propter
365 1095 516 1139 eoronam
538 1073 641 1151 illam,
666 1095 729 1163 qna
750 1074 833 1140 loris
853 1085 949 1165 eaput
971 1086 1119 1140 ornatum
1137 1087 1200 1156 est3
1223 1077 1279 1143 sed

215 1187 250 1251 ui
268 1186 365 1252 fallor
384 1186 498 1253 eadem
522 1209 603 1277 quae
622 1200 730 1254 eontra
752 1185 954 1255 Goltzianum
974 1187 1072 1254 ruodo
1091 1188 1279 1270 afferebam,

215 1300 268 1366 hio
296 1323 426 1392 qnoque
451 1301 575 1380 valent,
603 1301 693 1391 atqui
715 1301 869 1367 assentior
886 1302 932 1380 ei,
956 1302 1012 1392 qui
1032 1301 1213 1371 adversatus
1232 1316 1280 1370 est

214 1414 263 1480 itti
291 1414 449 1504 opinioni,
484 1414 615 1480 omnino
644 1435 709 1479 non
740 1435 819 1504 opus
848 1436 931 1493 esse,
960 1427 995 1480 ut
1020 1413 1060 1481 de
1086 1414 1281 1485 (innotatum

215 1538 340 1593 tantum
366 1527 551 1616 cogitemus.
603 1525 668 1593 Neo
688 1538 794 1592 tamen
814 1549 958 1617 premere
975 1551 1104 1619 possum
1124 1529 1280 1620 suspioio-

213 1662 308 1722 nem,
332 1653 427 1733 typus
443 1640 499 1706 ille
516 1653 564 1707 est
581 1640 682 1719 idem,
698 1663 763 1731 quo
774 1642 916 1707 semisses
927 1641 1169 1731 dignoscantur,
1185 1643 1278 1734 atqui

212 1754 307 1820 facile
325 1753 518 1821 crediderim
535 1754 747 1819 monetarium
769 1775 862 1819 usum
883 1754 1032 1821 essehoc
1052 1766 1130 1846 typo
1151 1755 1191 1822 ad
1212 1755 1276 1847 sig·

211 1866 351 1933 nandum
377 1888 543 1933 nummum
568 1866 691 1933 etiamsi
715 1878 912 1956 argenteum.

256 1978 318 2045 vn
340 1983 362 2045 '¹.
387 1979 468 2051 ,lani
494 1991 591 2070 eaput
620 1978 782 2069 geminum
810 1979 988 2046 laureatum
1018 2003 1091 2047 eum
1120 2003 1207 2048 remo
1234 1981 1276 2047 ad

211 2106 354 2185 tempora
376 2104 526 2159 exstante.

258 2204 332 2271 Tres
363 2206 492 2270 narium
511 2227 648 2293 -prorae,
671 2204 712 2268 ad
742 2203 824 2269 latus
853 2204 929 2294 pilei
954 2204 1181 2271 Dioscurorum
1200 2228 1276 2274 oum

208 2319 308 2385 stellis
319 2317 540 2409 superpositis3
552 2339 646 2408 supra
666 2316 804 2404 Quintus
814 2316 1009 2398 MArimus,
1026 2318 1273 2390 intrandam

257 2431 336 2496 VIII
358 2445 382 2499 2.
414 2431 452 2496 In
472 2443 559 2498 reeta
577 2443 667 2521 parte
688 2430 800 2496 eadem
819 2442 1004 2498 cernuntur.

254 2546 304 2610 ab
325 2569 431 2611 arersa
452 2567 543 2636 prora
563 2545 650 2610 naris
671 2565 743 2609 eurn
763 2544 791 2610 I
805 2544 894 2635 signo
916 2545 1009 2624 assis,
1033 2567 1126 2634 supra
1146 2546 1272 2615 Mdri-

207 2677 294 2738 nrus,
317 2659 399 2724 inira
422 2656 575 2725 ROMA.

252 2770 297 2838 IX
319 2779 343 2839 ⁸.
376 2771 414 2837 In
436 2782 522 2838 recta
539 2782 630 2863 parte
649 2770 758 2838 eadem
779 2784 963 2839 cernuntur.

253 2887 300 2951 ab
321 2909 426 2950 auersa
448 2908 542 2975 prora
562 2884 650 2949 naris
666 2906 740 2951 curn
756 2885 844 2975 signo
863 2885 938 2952 assis
952 2885 988 2965 I,
1014 2908 1108 2978 supra
1127 2886 1267 2974 Quintus

204 2997 416 3074 MAerus,
440 2997 521 3062 inira
545 2996 698 3065 ROMA.

248 3109 331 3175 Sunt
355 3121 417 3176 tres
443 3109 490 3175 illi
514 3112 636 3176 nummi
664 3111 768 3191 aenei,
802 3136 883 3179 asses
911 3136 1040 3204 nempe,
1073 3125 1109 3179 ut
1137 3113 1267 3181 abunde

201 3238 297 3315 typus
327 3223 474 3301 conficit,
506 3224 640 3290 absurda
662 3238 708 3291 est
734 3224 820 3291 euim
842 3210 984 3291 Morellii
1011 3226 1120 3316 opinio
1144 3227 1264 3292 ratibus

137 3350 140 3355 '
202 3340 266 3404 illis
300 3337 432 3403 indicari
463 3337 655 3427 legationem
685 3337 886 3404 Cunctatoris
914 3336 1140 3428 Carthaginem
1169 3351 1201 3404 et
1229 3340 1264 3404 in

198 3447 405 3542 Hispaniam,¹
427 3452 488 3516 hoo
514 3452 598 3517 enim
624 3463 669 3518 est
689 3452 806 3517 fluetus
825 3453 857 3517 in
877 3451 1017 3541 simpulo
1037 3452 1171 3541 agitare,
1196 3451 1263 3516 Pli-

201 3565 255 3629 nio
284 3577 296 3614 ⁴
328 3576 406 3629 teste
438 3577 543 3631 »nota
568 3577 614 3631 est
635 3565 668 3631 in
689 3567 803 3630 triente
823 3577 854 3630 et
875 3565 1053 3655 quadrante
1074 3567 1185 3643 rates'',
1203 3587 1264 3630 nee

198 3678 291 3767 aliter
309 3676 343 3740 in
363 3699 428 3742 asse
448 3688 478 3741 et
498 3677 636 3745 semisse.
672 3676 808 3760 Quando
828 3662 909 3741 asses
929 3674 976 3739 illi
997 3674 1110 3763 signati
1126 3673 1261 3756 fuerint,

197 3791 318 3856 indieat
345 3811 456 3855 eorum
483 3789 623 3880 pondus,
655 3800 729 3854 sunt
749 3789 832 3855 enim
851 3789 945 3853 unius
966 3789 1078 3852 unciae
1097 3789 1186 3878 atqui
1207 3810 1261 3853 oa-

196 3886 279 3969 dnnt
304 3916 375 3994 post
396 3903 487 3969 Fabii
506 3904 695 3969 dictaturam
717 3914 748 3968 et
760 3914 841 3967 ante
859 3902 964 3992 legem
986 3902 1160 3991 Papiriam3
1183 3883 1259 3968 hine

196 4018 341 4109 sequitur
357 4040 473 4083 errasse
489 4017 694 4083 Vaillantium
711 4015 765 4080 ubi
781 4017 931 4082 credebat
943 4039 996 4081 eos
1008 4040 1024 4080 a
1038 4016 1137 4082 Fabio
1149 4030 1257 4082 nostro

194 4133 334 4221 signatos
363 4153 430 4196 esse
461 4143 627 4221 quaestore
655 4130 780 4196 urirano
809 4133 893 4210 512,
923 4153 997 4195 narn
1018 4131 1085 4219 ipse
1106 4131 1168 4195 ianr
1190 4132 1260 4195 ani-

189 4430 192 4436 ·
224 4406 244 4468 ¹)
262 4406 340 4456 vain.
357 4405 406 4455 ΝΟ.
426 4411 458 4465 9;
476 4406 541 4455 Mor.
556 4404 606 4455 IX.
619 4405 640 4455 F
647 4428 654 4466 3
669 4406 738 4457 Rieu.
751 4407 801 4456 tab.
816 4403 893 4455 XIX.
908 4410 933 4465 4·
985 4400 1005 4472 ²)
1023 4404 1089 4456 Rieu.
1098 4407 1149 4456 uh.
1158 4406 1231 4459 LVI.
1242 4412 1267 4458 4.

185 4489 207 4558 ⁵)
225 4491 293 4542 naec.
311 4492 360 4541 rao.
379 4491 450 4543 avr.
472 4495 494 4542 r.
548 4487 568 4557 4)
587 4487 623 4541 rr.
639 4489 675 4542 N.
695 4491 827 4542 xxxnr.
846 4494 870 4540 a.

1085 4566 1160 4636 23'
