3194 5302
470 495 644 540 sestaronus
666 497 702 539 oe
724 498 820 541 carru
841 495 936 539 ruore.
1227 487 1246 544 5

173 704 303 773 cunque
324 681 363 748 ad
383 704 493 747 eorum
512 681 674 747 historiam
697 680 865 770 pertinent.
914 680 1018 765 Quum
1041 706 1113 748 rero
1131 695 1242 774 postea

173 797 308 885 cognovi
335 796 464 862 uberius
492 820 510 861 a
541 817 593 860 me
621 816 687 860 esse
717 792 913 884 disputatum
934 816 1060 859 necnon
1079 796 1111 860 in
1131 796 1240 862 multis

173 908 252 974 locis
267 932 320 974 me
336 909 377 974 ab
396 932 434 975 eo
449 908 632 985 dissentire,
651 929 737 972 nunc
753 907 898 974 secundis
918 909 1002 974 euris
1013 907 1164 974 adhibitis
1176 933 1239 975 non

172 1019 318 1088 dubitari
337 1022 463 1113 publici
483 1022 559 1087 iuris
579 1020 683 1087 facere
704 1043 787 1111 quae
806 1021 984 1111 conscripta
1005 1035 1104 1087 erant.

218 1134 265 1201 Er
296 1136 360 1201 hoc
393 1133 554 1200 uberrimo
585 1133 694 1211 fonte,
725 1156 821 1223 quem
851 1133 988 1199 rivulum
1018 1132 1108 1198 durit
1137 1133 1171 1199 F.
1199 1133 1239 1201 K.

172 1247 263 1313 liralt
295 1249 329 1313 in
356 1245 694 1313 Beni-Schultexr'con
714 1245 777 1336 lp.
801 1251 866 1315 684
888 1271 956 1337 sqq.
965 1298 974 1328 ,
1000 1247 1096 1312 verbo
1126 1247 1240 1313 dixisse

170 1360 323 1439 sufficiam
350 1360 376 1424 is
399 1358 667 1449 negligentissime
694 1359 727 1422 in
751 1359 880 1437 ceteris,
909 1381 1046 1449 quorum
1074 1358 1238 1425 historiam

174 1470 286 1538 Haalh
306 1473 340 1537 in
362 1472 423 1538 rol.
445 1470 490 1535 Vl
511 1472 670 1549 tractarit,
698 1483 837 1536 versatus
857 1483 919 1550 est,
947 1484 978 1537 et
1000 1473 1051 1538 vel
1069 1496 1127 1563 pro
1148 1474 1237 1539 istius

172 1586 248 1651 libri
270 1585 380 1652 indole
404 1587 554 1677 perpauci
579 1597 643 1665 est,
667 1585 752 1675 quod
776 1584 838 1651 hoc
858 1585 1007 1652 lemmate
1027 1588 1154 1677 legitur.

217 1698 328 1790 Nuper
356 1698 495 1788 deniqne
517 1698 551 1762 F.
578 1698 613 1765 Τ.
640 1697 772 1763 Richter
792 1697 933 1764 Stemma
952 1699 1129 1765 Fabianum
1151 1700 1237 1765 haud

169 1813 213 1877 ita
251 1810 465 1902 spernendum
502 1809 603 1876 edidit
628 1811 660 1874 in
693 1809 1048 1899 Gesclalechts·Tafelo
1067 1836 1096 1878 z.
1117 1815 1237 1879 erlr'r'ut.

170 1926 202 1991 d.
227 1927 305 2016 Arg.
339 1924 457 1991 Gesch.
482 1925 615 2011 (1853),
643 1921 751 1989 addita
772 1924 970 2014 singulorum
992 1924 1080 1990 brevi
1100 1927 1238 1991 notatio·

170 2061 227 2117 ne3
259 2035 347 2129 quod
369 2060 449 2127 opus
468 2038 592 2103 etiamsi
613 2036 736 2103 mendis
757 2060 822 2103 non
847 2051 935 2104 racat
954 2037 1187 2129 chronologicis
1207 2051 1239 2105 et

145 2126 150 2137 .
169 2150 396 2241 genealogicis,
415 2171 474 2214 nec
495 2151 581 2215 omni
602 2152 733 2215 nornine
752 2150 935 2217 absolutum
955 2164 1020 2224 est,
1043 2152 1136 2241 longe
1147 2175 1241 2242 prae·

169 2274 232 2332 stat
255 2263 503 2355 antiquioribus.

421 2439 439 2523 §
468 2442 493 2502 l.
541 2437 668 2502 Auctor
696 2436 815 2505 Gentis
837 2436 974 2503 Fabiae.

214 2603 356 2691 Mythica
384 2601 487 2667 letnra¹
514 2614 683 2668 ‘auctorem
707 2601 812 2667 Fabiis
835 2603 944 2668 tribuit
968 2601 1156 2680 Herculem,
1183 2603 1239 2693 qui

171 2716 347 2807 principem
375 2715 477 2805 gentis
506 2717 710 2806 progenuisse
739 2716 840 2780 lertur
866 2739 903 2781 er
925 2738 986 2780 una
1007 2715 1239 2806 nympharum,

171 2852 309 2921 quacum
330 2830 363 2893 in
383 2828 452 2919 ripa
473 2827 596 2893 Tiberis
617 2829 809 2907 concubuit,
840 2828 895 2894 uhi
915 2828 1063 2920 pluribus
1085 2829 1237 2895 Romanis

174 2942 322 3031 gentihus
347 2942 507 3007 exstiterat
531 2953 651 3007 auctor.

216 3055 403 3122 Secundum
427 3054 558 3121 alteram
579 3055 695 3121 famam
711 3056 832 3145 primus
853 3055 1023 3122 Fabiorum
1044 3068 1135 3121 natus
1157 3068 1239 3123 esset

172 3190 207 3233 er
225 3169 360 3234 muliere
382 3168 549 3257 indigena,
569 3191 665 3258 quam
685 3168 740 3234 alii
760 3168 951 3233 Vindumam
974 3167 1116 3233 Euandri
1137 3169 1237 3234 liliam

175 3281 270 3348 luisse
295 3281 464 3359 dixerunt,
485 3281 540 3349 alii
560 3287 689 3346 Λαῦνκν
713 3280 746 3345 id
765 3294 812 3347 est
830 3281 1012 3360 Lariniam,
1033 3303 1115 3371 quae

735 3396 854 3484 »regia
879 3395 966 3484 uirgo

261 3507 419 3597 »hospite
444 3509 524 3573 victa
550 3529 657 3585 sacro,
681 3507 818 3574 Fabium
841 3506 880 3574 de
905 3508 1037 3573 crimine
1062 3507 1146 3571 laeto

257 3644 282 3686 »
293 3624 469 3711 procreat.”
482 3632 494 3670 ²

215 3732 289 3799 Non
316 3730 467 3822 equidem
497 3731 687 3797 crediderim
717 3732 802 3822 ipsos
829 3731 943 3797 Fabios
972 3729 1048 3794 huic
1078 3726 1237 3815 mythicae

174 3846 285 3937 origini
304 3846 444 3911 multum
463 3845 625 3926 tribuisse3
656 3845 794 3910 refertur
812 3844 942 3935 quidem
962 3841 1041 3924 huc,
1068 3839 1154 3931 quod
1175 3841 1237 3907 Fa·

174 3957 242 4024 bius
277 3956 453 4024 Cunctator
480 3958 604 4048 siguum
634 3957 781 4024 llerculis
810 3956 946 4022 Tarento
967 3966 1146 4045 expugnato
1167 3953 1238 4019 llo-

173 4092 254 4137 mam
281 4069 406 4136 durerit
428 4083 459 4136 et
478 4072 564 4136 iuxta
582 4094 671 4137 suam
693 4083 826 4137 statuam
849 4069 1006 4161 posuerit3
1031 4068 1084 4133 scd
1107 4067 1238 4133 omnino

174 4182 250 4248 nihil
280 4184 392 4274 prohat
420 4206 576 4273 agnomen
607 4184 778 4250 Heracleo
805 4181 1138 4271 ininscriptionibus⁸
1158 4180 1237 4246 dua·

175 4292 229 4360 bus
274 4296 418 4374 ebrium,
468 4297 587 4388 quippe
627 4320 708 4388 quae
747 4319 811 4362 non
852 4296 1025 4361 Fabiorum
1062 4292 1236 4384 gentilibus

204 4475 221 4542 ¹)
240 4479 333 4544 [Fert]
359 4479 433 4530 Paul.
460 4494 484 4529 v.
512 4476 586 4526 Fabii
611 4493 634 4541 p.
663 4480 703 4527 87.
765 4474 785 4542 ²)
804 4477 851 4527 Sil.
868 4477 927 4527 Ital.
945 4478 994 4529 VI.
1013 4481 1072 4527 633.
1125 4472 1145 4542 ll
1163 4475 1237 4527 Grtit.

174 4556 202 4609 c.
220 4563 239 4611 r.
258 4579 282 4629 p.
300 4563 463 4626 cxxvrrr,
481 4564 514 4614 rr.
535 4567 563 4624 ⁵,
578 4578 602 4625 p.
620 4561 812 4624 sirmium,
829 4562 863 4613 u.
884 4565 906 4611 r.
