3154 5294
229 499 260 544 u.
272 498 377 544 rsarus
387 499 416 545 r.
427 497 455 542 r.
466 498 497 544 rr.
509 498 537 545 r.
549 481 784 565 sunosros(15).
802 482 853 566 52.
865 501 941 549 rurs.
952 502 1014 550 utu.
1026 487 1069 549 11.
1079 485 1151 550 886.
1183 486 1243 551 too

174 677 277 769 capite
305 677 517 745 deduceretur
546 676 634 770 quod
660 679 763 746 usuris
790 693 1050 771 pernumeratum
1079 695 1176 762 esset,
1208 695 1242 752 et

174 790 260 883 quod
281 804 459 884 superesset
478 792 588 884 eequis
607 792 808 883 portionibus
829 794 1011 862 solveretur.
1057 794 1187 865 Petricii
1205 807 1238 862 et
1342 774 1345 783 ¹

173 903 293 994 plebeii
321 904 400 971 belli
431 926 524 972 onera
556 905 792 985 sustentabant,
815 906 905 973 ouius
936 907 1102 976 commoda
1131 919 1238 1000 patres

172 1026 297 1083 tantum
319 1016 380 1082 sibi
399 1018 616 1096 reservabant,
640 1040 749 1108 agrurn
778 1041 895 1110 nempe
915 1017 956 1085 de
976 1018 1067 1088 hoste
1088 1032 1239 1111 coptum,

172 1126 233 1194 bac
262 1129 303 1195 de
330 1151 424 1195 causa
455 1130 594 1196 tulerant
623 1130 744 1196 tribuni
774 1131 911 1222 nequis
938 1133 1011 1224 plus
1042 1137 1107 1201 500
1129 1133 1236 1225 iugera

113 1220 121 1235 ’
171 1239 236 1331 agri
272 1240 459 1332 possideret.
508 1240 658 1325 Quartam
691 1240 754 1307 hoc
783 1264 866 1308 anno
902 1243 1023 1309 tribuni
1055 1244 1236 1313 adiecerant

168 1354 382 1444 rogationem,
407 1366 441 1421 ut
460 1377 519 1447 pro
538 1353 645 1420 llriris
677 1355 771 1420 sacris
796 1354 954 1423 faciundis
981 1356 1069 1423 Xriri
1089 1379 1236 1426 crearen-

169 1478 237 1546 tur,
260 1467 305 1532 ita
326 1478 361 1532 ut
383 1490 455 1558 pars
476 1491 512 1534 er
533 1467 629 1559 plebe
647 1491 719 1559 pars
739 1491 777 1534 ex
796 1469 939 1560 patribus
957 1481 1049 1538 esset.

213 1578 310 1645 Plebs
338 1578 431 1671 plura
462 1579 522 1646 sibi
552 1592 704 1671 augurato
730 1592 797 1647 erat
816 1583 983 1649 commoda
1011 1606 1047 1650 er
1072 1583 1237 1649 tribunatu

169 1691 300 1757 militari
328 1714 424 1784 quarn
453 1715 490 1759 er
519 1692 577 1758 illo
601 1693 813 1784 percipiebat,
836 1694 928 1785 plura
958 1695 1056 1785 igitur
1084 1696 1147 1761 iarn
1178 1695 1238 1761 eibi

168 1803 336 1894 poscebat,
354 1816 390 1871 ut
409 1805 628 1872 consularibus
647 1806 785 1873 comitiis
801 1808 952 1875 restitutis
971 1808 1052 1875 alter
1068 1808 1180 1875 consul
1198 1831 1236 1875 er

170 1939 225 1982 suo
245 1928 408 1984 crearetur
427 1917 548 1985 ordine.
598 1917 721 2002 Quibus
744 1920 964 2011 rogationibus
982 1943 1078 2013 quarn
1101 1920 1238 1988 maxime

169 2030 294 2121 patricii
311 2032 414 2097 annisi
433 2043 522 2111 sunt3
546 2030 621 2097 hinc
649 2054 792 2098 summae
812 2034 1032 2101 contentiones
1053 2046 1085 2101 et
1110 2033 1161 2100 rel
1178 2056 1237 2125 par

170 2156 307 2235 quatuor
327 2167 424 2211 annos
443 2143 611 2224 anarchia,
634 2145 660 2211 si
679 2146 808 2213 credere
828 2144 915 2214 licet.
947 2147 1043 2214 Plebs
1064 2148 1237 2239 quotannis

168 2255 296 2323 eosdem
325 2257 489 2323 reficiebat
517 2256 679 2337 tribunos,
709 2257 764 2325 sed
794 2259 910 2326 frustra
938 2261 973 2325 in
1004 2260 1067 2327 suis
1098 2259 1236 2326 comitiis

167 2371 349 2464 perferebat
379 2372 573 2463 rogationes,
595 2395 670 2439 uam
699 2385 785 2441 ratae
809 2396 875 2440 nou
904 2373 1064 2441 fiebanta
1091 2373 1236 2465 patribus

169 2507 233 2552 non
255 2484 405 2554 sancitae.

211 2595 302 2662 ldenr
324 2595 404 2661 illud
427 2596 593 2688 aliquanto
612 2597 731 2665 maiore
748 2621 803 2690 spe
816 2597 922 2664 conati
942 2610 1032 2664 erant
1052 2597 1114 2664 lroc
1134 2622 1236 2679 anuo,

169 2731 267 2802 quum
288 2731 370 2774 nnus
389 2731 425 2775 er
445 2710 581 2776 tribunis
598 2709 737 2777 militum
755 2711 874 2778 Fabius
891 2727 997 2780 noster
1014 2723 1090 2791 erat,
1118 2711 1236 2778 Licinii

169 2846 274 2903 socer,
304 2834 340 2888 ut
369 2822 452 2888 fama
481 2822 553 2890 lert.
600 2821 673 2889 Non
694 2825 834 2892 multum
856 2824 962 2891 tribuo
982 2825 1074 2892 Livio
1094 2825 1236 2892 narranti

167 2935 302 3003 Fabium
332 2934 438 3026 legum
468 2934 596 3002 illarum
629 2935 726 3003 luisse
754 2948 934 3017 auctorem
972 2936 1088 3029 quidni
1115 2937 1236 3004 streuui

166 3049 214 3116 illi
242 3048 363 3141 plebeii
380 3048 529 3115 fecissent
546 3048 633 3128 illas,
657 3049 713 3141 qui
740 3049 838 3117 fortes
866 3073 993 3117 suarum
1019 3051 1157 3142 partium
1178 3049 1236 3116 de·

166 3161 308 3229 fensorcs
329 3162 494 3252 finguntur
521 3173 553 3228 et
580 3161 726 3240 luerunt,
751 3164 874 3255 opinor,
895 3163 951 3230 sed
980 3163 1129 3230 cohaeret
1151 3162 1234 3228 illud

168 3296 241 3341 cum
259 3275 357 3352 lama,
377 3296 459 3364 quae
478 3271 527 3341 his
546 3272 671 3363 legibus
685 3273 825 3343 ferendis
841 3296 949 3339 annm
971 3272 1108 3339 dedisset
1119 3296 1235 3342 secuu-

167 3386 242 3454 dum
262 3399 405 3454 veterum
423 3387 619 3478 opinionem.
646 3386 889 3455 Fabius'autem
910 3409 1018 3453 aarum
1037 3388 1237 3476 rogationum

168 3524 275 3568 suasor
301 3501 408 3592 potius
436 3500 600 3566 inducitur
629 3523 723 3592 quarn
753 3499 916 3578 inimicus,
950 3522 1013 3591 qua
1041 3498 1075 3566 in
1102 3524 1136 3567 re
1155 3500 1234 3592 quid

168 3613 226 3679 sibi
259 3612 454 3680 indulserint
481 3611 640 3690 historici,
670 3613 720 3679 rir
749 3613 915 3692 conficias3
948 3624 1009 3679 stat
1035 3612 1121 3679 euim
1151 3613 1234 3680 illud

73 3724 79 3740 ‘
169 3739 222 3792 aut
236 3726 323 3793 cadit
339 3748 412 3793 cum
424 3726 556 3818 antiqua
573 3725 698 3805 fabula,
714 3750 809 3819 quarn
837 3727 939 3793 critici
957 3724 1120 3816 quomodo
1135 3723 1236 3794 raiol·

169 3837 277 3918 lerint,
300 3839 406 3905 inira¹
431 3838 552 3919 dicam3
577 3851 734 3930 quatenus
755 3863 829 3907 raro
849 3839 940 3906 Fabii
958 3838 1081 3904 animus
1103 3862 1121 3904 a
1142 3861 1234 3928 roga-

171 3951 307 4018 tionibus
325 3952 389 4019 illis
407 3952 504 4019 luerit
524 3953 665 4031 alienus,
689 3953 795 4019 dicere
815 3976 881 4020 non
901 3951 1015 4020 habeo.

213 4064 377 4157 Quidquid
390 4078 450 4144 est,
463 4065 585 4132 tribuni
595 4064 699 4157 plebis
710 4078 839 4157 petunt,
856 4079 892 4133 ut
910 4063 1065 4132 erercitus
1075 4087 1093 4129 a
1104 4061 1235 4130 Velitris

170 4177 300 4258 rediret,
320 4189 353 4244 et
371 4177 415 4245 sic
431 4179 596 4247 universus
613 4178 691 4247 ordo
710 4179 750 4245 de
768 4179 831 4246 suis
851 4177 1028 4246 commodis
1048 4176 1233 4268 suffragium

172 4288 281 4371 lerret3
303 4291 506 4383 arripuerunt
518 4291 599 4358 illud
619 4292 761 4384 patricii,
784 4305 821 4359 ut
840 4315 889 4358 res
907 4291 1089 4360 differretur
1108 4302 1140 4357 et
1159 4289 1234 4356 nori

197 4533 217 4602 ¹)
233 4535 271 4591 Cf.
289 4534 351 4602 Cap.
368 4548 407 4588 ru
423 4534 499 4587 huius
515 4533 594 4586 Libri.
