3212 5294
306 433 367 496 218
450 451 481 497 ιι.
492 448 593 493 ruerus
605 449 635 492 ιι.
648 448 675 491 4.
686 447 717 491 ιι.
729 447 756 490 ιι.
769 447 863 491 nureo
873 427 949 512 (25).
968 429 1029 512 (2.
1046 445 1239 492 ceneruocu.

309 639 400 718 perta
428 627 508 694 lucis
536 624 657 716 aliquid
686 625 863 692 attulerint.
908 624 980 691 Duo
1001 624 1056 716 qui
1076 625 1171 717 primi
1194 627 1226 691 in
1246 621 1376 692 historia

312 754 484 806 occurrunt
505 741 681 818 Buteones,
699 738 871 804 Numerius
892 740 963 827 (30)
977 750 1009 803 et
1024 738 1149 804 Marcus
1171 742 1240 827 (31)
1262 762 1380 805 consu-

312 854 357 919 les
379 859 442 923 507
463 865 495 920 et
515 859 579 922 509
600 854 711 918 fratres
732 853 878 931 luerunt,
902 874 1039 942 quorum
1058 852 1166 942 itaque
1184 866 1274 944 pater
1293 852 1380 918 Mar·

309 988 365 1030 cus
387 977 441 1030 aut
465 988 541 1031 arus
563 962 639 1029 huic
664 963 804 1029 familiae
830 964 949 1029 exstitit
977 976 1097 1030 auctor.
1144 964 1250 1048 Quum
1272 977 1379 1032 autem

313 1077 380 1143 duo
389 1077 439 1142 illi
450 1077 598 1169 aequales
609 1077 729 1143 fuerint
742 1076 882 1166 Gurgitis
896 1077 964 1143 lilio
975 1078 1047 1164 (29)
1057 1126 1066 1156 ‚
1077 1100 1188 1144 eorum
1198 1090 1290 1167 pater
1305 1077 1376 1167 (25)

310 1190 370 1279 ipsi
390 1190 514 1281 Gurgiti
538 1189 607 1279 (23)
634 1189 777 1280 aequalis
799 1189 895 1255 luerit
916 1211 1042 1257 necesse
1061 1202 1127 1271 est,
1157 1191 1248 1281 atqui
1267 1214 1379 1257 eornm

310 1325 401 1381 arus,
411 1302 464 1367 cui
474 1301 598 1367 Marcus
614 1324 732 1367 nomen
744 1301 805 1366 suit
821 1300 995 1367 seeundum
1006 1300 1131 1378 Fastos‚
1144 1300 1296 1368 Rulliauo
1306 1303 1376 1391 (17)

311 1414 453 1505 aequalis
475 1415 551 1493 fuit,
571 1415 636 1481 imo
656 1414 722 1480 eius
741 1414 839 1478 frater
859 1413 984 1479 Marcus
1005 1413 1060 1478 ille
1080 1414 1168 1503 (18),
1187 1415 1244 1504 qui
1263 1416 1379 1505 magis·

311 1542 360 1594 ter
388 1528 535 1616 equitum
563 1526 625 1590 fuit
648 1548 733 1589 anno
755 1528 829 1590 432.
876 1524 937 1590 Hic
957 1524 1103 1590 Ambusti
1121 1525 1238 1615 gaudet
1259 1548 1379 1617 cogno·

308 1640 414 1717 mine,
446 1662 521 1728 ergo
542 1637 629 1703 filius
650 1638 717 1704 eius
739 1637 863 1703 Marcus
882 1650 996 1704 auctor
1017 1638 1196 1705 Buteonum
1217 1640 1296 1719 fuit,
1325 1643 1378 1705 eui

308 1754 395 1820 naris
416 1751 505 1830 duci,
525 1752 664 1843 praetori
685 1751 833 1831 fortasse,
857 1751 1035 1842 auspicium
1054 1752 1136 1817 illud
1157 1752 1274 1818 accidit
1294 1754 1377 1820 intra

308 1889 406 1931 annos
426 1869 491 1932 460
510 1877 543 1951 et
564 1868 647 1945 480,
671 1865 804 1955 opinor,
837 1866 902 1941 sire
927 1865 1085 1933 coloniam
1107 1866 1299 1933 maritimam
1322 1867 1380 1933 de·

308 1978 451 2055 duxerit,
475 1977 539 2042 sire
558 1976 650 2041 initio
671 1976 748 2041 belli
770 1974 879 2040 Punici
899 1975 994 2065 primi
1013 1975 1105 2040 classi
1125 1989 1293 2067 praeesset.

355 2089 521 2157 Haalthius
541 2088 633 2155 aliter
650 2088 736 2153 buno
752 2088 860 2154 locum
877 2088 1124 2169 administrarit,
1143 2091 1244 2157 eredit
1262 2114 1378 2183 nempe

308 2202 497 2270 Numerium
522 2201 593 2289 (30)
616 2213 648 2266 et
668 2201 812 2265 Marcum
836 2199 906 2289 (31)
936 2200 1114 2281 Buteones,
1148 2202 1297 2293 aequales
1322 2205 1379 2293 qui

309 2317 440 2411 luerunt
460 2315 502 2380 M.
522 2314 613 2380 Fabii
635 2312 739 2379 Licini
762 2313 833 2402 (32)
865 2311 1064 2379 descendisse
1088 2336 1124 2379 ex
1147 2314 1244 2380 fratre
1266 2314 1302 2382 C.
1324 2316 1381 2382 Li-

309 2414 375 2496 cini
389 2430 468 2519 (28).
503 2425 629 2492 Atridet
650 2426 781 2518 quidem
800 2426 878 2492 haec
896 2427 1022 2518 opinio,
1042 2426 1095 2492 sed
1117 2450 1168 2493 me
1188 2452 1251 2493 non
1271 2452 1380 2495 asen-

311 2541 409 2608 tentia
428 2539 579 2619 deducit,
601 2563 674 2607 nam
697 2540 778 2607 aliae
797 2539 872 2623 inde
895 2541 1041 2606 oriuntur
1060 2539 1281 2621 difficultates,
1303 2565 1381 2633 quas

309 2678 374 2720 non
404 2652 533 2718 sustulit
556 2652 624 2719 ille.
673 2651 792 2718 Contra
812 2653 846 2717 in
866 2676 937 2719 meo
959 2665 1125 2721 stemmate
1149 2678 1186 2723 ex
1205 2655 1314 2731 ordine
1335 2661 1380 2727 30

309 2787 466 2830 annorum
489 2785 655 2841 numerus,
686 2763 742 2852 qui
763 2763 846 2829 inter
870 2763 948 2829 duas
967 2765 1187 2854 generationes
1207 2767 1307 2837 inesse
1328 2793 1382 2837 so-

310 2878 375 2956 let,
396 2875 508 2942 melius
529 2874 722 2942 observatur.
1382 2862 1385 2865 ¹

766 3054 925 3065 ——-—-·--

717 3160 900 3233 CAPUT
931 3163 980 3235 II.

461 3314 629 3364 nuuumus
653 3314 770 3363 rimus
794 3317 827 3363 u.
851 3316 881 3365 r.
907 3318 940 3366 ιι.
961 3320 990 3368 n.
1015 3321 1122 3370 nunno
1146 3308 1227 3392 (30).

685 3436 702 3520 §
730 3434 759 3498 1.
811 3431 936 3502 Consul
957 3442 1031 3505 507.

494 3572 528 3620 Ν.
549 3571 678 3620 RdBIUS
693 3573 729 3620 M.
749 3571 778 3620 F.
797 3574 833 3623 M.
855 3575 888 3623 Ν.
907 3577 1026 3625 BUTEO
1043 3576 1061 3627 ¹.

497 3654 522 3704 L.
543 3656 729 3704 CAECILIUS
743 3655 773 3705 L.
792 3657 821 3706 F.
842 3659 867 3707 0.
887 3658 922 3708 N.
940 3662 1136 3711 METELLUS
1151 3664 1186 3713 JJ.

333 3767 509 3834 Videamus
529 3767 569 3833 de
589 3767 756 3836 consulatu
774 3767 922 3841 Numerii
933 3782 962 3851 2,
982 3797 1078 3863 quem
1094 3796 1152 3841 our
1166 3775 1298 3844 Richter
1315 3777 1383 3844 fra·

312 3883 354 3949 tri
382 3882 490 3950 Moneo
517 3881 674 3949 minorem
701 3885 861 3973 posuerit,
891 3909 954 3951 non
977 3887 1089 3970 rideo,
1117 3912 1190 3956 nam
1210 3890 1268 3956 ille
1287 3893 1383 3957 tertio

311 4020 396 4064 anno
416 4007 488 4087 post
507 3994 547 4060 ad
568 3994 656 4061 hunc
675 3999 820 4087 pervenit
840 3997 1003 4066 honorem.
1052 4001 1193 4071 Kraltius
1213 4027 1284 4070 vero
1300 4004 1382 4073 duos

313 4111 426 4176 fratres
456 4107 490 4174 in
520 4131 622 4174 unum
655 4110 802 4191 miscuit,
838 4112 925 4203 quod
951 4116 1185 4206 antiquioribus
1207 4097 1385 4187 condonari

313 4235 438 4316 potest,
462 4244 571 4289 verum
595 4235 727 4314 propter
750 4225 859 4292 Fastos
882 4250 969 4293 nuno
994 4229 1085 4296 citari
1110 4244 1246 4322 oportet.

341 4390 361 4459 ¹)
379 4390 448 4440 Fast.
466 4388 527 4454 Cap.
545 4390 571 4439 h.
589 4405 625 4449 a.;
643 4389 734 4441 Zonar.
749 4394 827 4446 VIII.
845 4398 890 4457 16;
908 4395 961 4449 Aa.
979 4397 1054 4459 Nom
1072 4398 1140 4452 Fast.
1156 4398 1206 4453 Sic.
1258 4399 1279 4471 ²)
1296 4401 1394 4470 Polyb.

307 4477 330 4529 1.
350 4481 382 4527 59
402 4478 418 4539 ξ
438 4473 667 4536 l;Zonar.V111.
689 4480 728 4526 16:
