3212 5294
559 445 580 528 d
601 446 630 510 8.
653 462 765 508 cousus
786 445 828 508 ΙΙ.
849 446 920 508 444.-
1216 452 1283 514 '25³

219 644 272 712 Sic
298 643 331 708 in
358 664 496 708 errorem
512 640 672 707 inducunt
694 639 907 732 geographos,
927 641 1107 733 Sprunerus
1125 668 1150 709 r.
1171 666 1198 712 o.
1218 646 1281 714 du·

217 758 289 849 pler
306 779 425 822 nomen
444 755 484 821 de
503 754 563 821 hac
579 755 658 822 urbe
677 755 762 846 apud
779 755 924 821 classicos
941 756 998 846 qui
1014 756 1195 837 invenerat,
1215 760 1280 826 iam

217 869 339 960 duplici
358 869 487 935 nomine
508 867 643 935 eandem
664 869 796 941 ornarit.
831 868 975 934 Foedum
987 869 1019 934 in
1031 870 1164 936 modum
1179 871 1280 938 Grae·

217 1004 270 1048 cos
291 981 437 1048 librarios
456 981 621 1071 impegisse
636 982 670 1047 in
689 982 906 1048 describendis
925 983 1108 1048 nominibus
1128 984 1281 1050 Romanis

216 1095 282 1161 noli
312 1096 440 1174 mirari3
473 1094 654 1185 analogiam
689 1094 817 1184 liuguae
846 1093 978 1160 Latinae
1006 1117 1071 1160 non
1102 1096 1280 1177 callebant,

216 1231 321 1299 nequo
338 1208 463 1273 litterae
482 1219 628 1274 accurate
646 1207 766 1274 Graece
788 1208 867 1274 renti
888 1220 1041 1299 possunt,
1063 1220 1210 1276 constans
1231 1224 1279 1278 est

216 1320 386 1387 difficultas
402 1343 460 1411 per
470 1344 499 1387 ν.
540 1320 581 1386 At
596 1321 675 1387 baec
690 1321 798 1387 omnia
814 1344 879 1387 non
895 1321 1090 1412 impediunt,
1107 1322 1281 1411 quominus

216 1459 253 1501 ea
271 1435 419 1514 nomina,
443 1457 527 1523 quae
544 1433 675 1500 aliunde
694 1434 775 1500 adeo
795 1445 957 1507 constant,
976 1446 1012 1500 ut
1032 1433 1072 1499 de
1086 1433 1123 1499 iis
1139 1433 1281 1501 dubitari

214 1559 371 1638 nequeat,
397 1546 438 1611 ab
456 1545 631 1613 editoribus
650 1546 849 1612 emendanda
867 1546 947 1627 sint,
967 1558 1117 1637 utquam
1135 1546 1281 1638 proxime

215 1661 269 1739 iis,
293 1682 375 1750 quae
394 1670 537 1725 auctores
558 1659 675 1750 scripto
694 1657 904 1739 mandarunt,
927 1658 1059 1726 accedat
1079 1659 1186 1727 lectio.
1224 1658 1280 1726 Sic

215 1771 351 1841 editores
381 1784 512 1864 possunt
541 1785 636 1863 atque
666 1771 784 1838 debent
820 1771 927 1838 Latini
960 1773 1114 1838 sermonis
1147 1772 1278 1838 scientia

215 1888 361 1953 instructi
376 1886 608 1976 Fastorumque
619 1886 805 1976 fragmentis
824 1886 900 1965 nisi,
920 1885 1034 1952 tollere
1055 1887 1159 1978 turpia
1179 1886 1279 1952 libra·

215 2001 333 2064 riorum
358 1997 568 2088 negligentiae
588 2007 642 2062 aut
661 1996 858 2086 ignorantiae
879 1994 1088 2076 documenta:
1113 1998 1203 2064 cuins
1223 2023 1279 2090 ge·

215 2112 298 2179 neris
315 2131 474 2202 perpauca
494 2119 646 2173 annotare
667 2105 817 2186 sufficiat,
842 2119 876 2172 ut
897 2118 1048 2197 appareat
1063 2106 1141 2196 quid
1162 2108 1276 2186 relim,

215 2247 273 2290 nec
297 2221 494 2313 arrogantior
519 2220 597 2286 haee
623 2219 736 2285 dixisse
757 2219 878 2285 ridear:
902 2221 928 2284 ai
952 2219 1108 2298 Δομέτιον
1131 2222 1280 2288 consules

215 2336 307 2425 (422)
339 2333 396 2424 qui
426 2331 561 2397 Domitii
590 2330 738 2408 inernut3
768 2331 943 2402 Πλαύτιος
969 2329 1063 2419 (407)
1089 2331 1145 2420 qui
1167 2345 1278 2399 contra

216 2449 307 2537 (396)
328 2447 498 2521 Πνιώτιοςς
523 2465 699 2533 cognomen
721 2443 755 2508 Τ.
778 2440 919 2526 Quinctii
941 2442 1033 2532 (283)
1056 2449 1277 2518 Κοτντώλιος

215 2562 301 2653 quod
321 2557 491 2646 Dionysius
517 2566 549 2622 et
576 2578 670 2620 nemo
693 2578 756 2620 non
780 2564 1016 2629 Καπιτωλῖνος
1038 2554 1135 2636 dirit;
1162 2581 1189 2624 a.
1212 2561 1280 2626 283

214 2699 272 2766 pro
303 2675 448 2740 Romano
481 2668 612 2760 quidem
642 2669 772 2734 nomine
803 2667 998 2740 Μινούκιος
1030 2667 1167 2734 alterum
1195 2670 1279 2736 illud

212 2787 405 2867 Νονμίκιος
436 2779 608 2871 legendum
638 2780 755 2847 docent
782 2779 890 2846 Livius
908 2792 940 2845 et
959 2778 1148 2868 Dionysium
1172 2805 1280 2874 neque

214 2925 239 2967 a.
261 2902 326 2964 292
347 2894 506 2962 Diodorus
525 2893 663 2960 scribere
684 2894 790 2984 potuit
812 2892 1071 2974 Λουκροέτινον,
1098 2894 1229 2976 Dorice,
1252 2898 1279 2962 si

212 3014 309 3082 Musis
328 3012 453 3103 placet,
474 3030 608 3098 querna.
621 3010 683 3073 361
708 3008 923 3088 Λουκρήτιον
944 3005 1039 3086 dixit3
1058 3031 1199 3099 nequea.
1212 3014 1275 3076 301

212 3126 328 3202 Σέξτος
355 3122 502 3194 Κόϊντος
532 3120 700 3186 consulatu
727 3119 856 3185 iunctus
889 3131 953 3199 cst,
985 3143 1058 3186 nam
1088 3121 1172 3187 Fasti
1201 3123 1279 3189 dant

213 3237 285 3305 Sex.
316 3234 517 3322 Quintilius,
548 3255 607 3299 nec
635 3232 727 3298 aliter
755 3232 864 3297 Livius
893 3244 925 3297 et
955 3231 1144 3321 Dionysium
1172 3258 1280 3326 neque

212 3374 294 3417 unus
323 3372 359 3415 er
389 3347 491 3414 Xriris
511 3345 572 3412 fuir
588 3346 778 3425 Ῥωμύλος,
807 3346 839 3409 ni
859 3345 967 3423 fallor,
990 3344 1044 3410 sed
1065 3348 1278 3427 ‘Papiriou

212 3464 352 3553 denique
374 3460 456 3526 Livii
483 3459 620 3525 editores
638 3458 678 3523 ad
696 3483 724 3526 a.
744 3461 809 3523 302
830 3458 909 3523 dant
930 3458 963 3525 P.
983 3457 1132 3539 Sextius,
1155 3461 1278 3529 etiamsi

212 3600 284 3642 mox
314 3597 418 3641 raram
450 3572 621 3639 lectionem
651 3583 829 3637 serrarerat
859 3568 984 3637 Sestius
1012 3595 1087 3639 cum
1107 3573 1280 3663 Dionysio,

212 3689 370 3768 Diodoro,
387 3687 487 3753 Fastis
503 3697 535 3751 et
547 3684 698 3762 denariis,
714 3683 890 3749 dummodo
901 3708 965 3751 non
978 3684 1163 3754 Goltnianis.
1188 3687 1279 3754 ldcm

210 3800 293 3866 illud
312 3800 396 3892 apud
422 3799 602 3890 Appianum
622 3797 773 3863 accidisse
790 3798 966 3878 contendo,
990 3822 1064 3889 ergo
1085 3801 1274 3889 Wynniusl

211 3938 278 3980 non
297 3928 384 3981 reete
404 3913 499 3979 buius
518 3913 565 3978 rei
585 3934 710 3977 cansam
734 3910 848 3976 tribuit
869 3913 1033 4003 Appiano,
1058 3916 1144 4005 »qui
1164 3916 1197 3980 in
1219 3914 1279 3982 de-

212 4027 388 4094 scribendis
412 4025 596 4092 nominibus
616 4023 812 4114 negligentia
832 4025 1005 4092 admodum
1028 4027 1186 4119 culpanda
1207 4051 1278 4095 rer·

211 4152 296 4206 satus
326 4143 407 4219 est'';
438 4161 537 4230 quum
557 4161 632 4203 vero
653 4136 778 4204 Livium
802 4150 875 4204 ante
897 4139 1007 4205 oculos
1025 4139 1176 4220 baberet,
1200 4165 1280 4208 nec-

208 4274 276 4323 non
299 4252 488 4321 Sallustium
509 4253 659 4330 fortasse,
684 4262 763 4329 cet,
795 4250 896 4317 nolim
909 4253 1055 4344 Appiano
1072 4253 1126 4320 sed
1142 4255 1279 4323 librariis

209 4467 217 4483 ⁶
241 4504 261 4570 1)
278 4501 319 4553 De
329 4504 384 4567 fide
401 4512 424 4555 et
440 4510 504 4554 curt.
523 4500 590 4571 App.
609 4502 634 4555 io
653 4502 716 4556 Bett.
740 4500 790 4554 Cic.
808 4518 833 4569 p.
854 4484 947 4556 llln.
964 4510 990 4554 3.
