3212 5294
322 460 384 519 210
497 489 502 495 »
544 471 625 516 senv.
647 470 751 514 riorus
774 471 803 521 o.
825 472 853 513 r.
875 470 904 520 c.
928 470 957 514 n.
978 469 1080 513 rrcron
1100 450 1176 533 (46).

330 651 382 719 N0.
418 650 502 715 vul.
547 648 602 715 Sal
626 671 741 740 genere
761 659 875 713 neutro
895 646 1012 725 Varr03
1041 645 1272 712 commentario
1299 646 1397 710 reteri

336 818 338 824 ,
422 763 514 828 Fabii
544 762 678 828 Pictoris
703 762 783 852 legi:
819 772 968 826 ernustes
996 761 1032 825 fit
1061 772 1094 824 et
1123 759 1206 837 sale,
1240 780 1305 848 quc
1330 758 1395 823 sale

424 874 585 941 sordidum
617 886 737 940 rustum
766 885 798 939 et
822 873 920 939 ollam
945 873 1059 938 rudem
1080 872 1216 938 lacidern
1237 871 1396 937 adiectum

421 1001 468 1055 est
496 1001 529 1055 et
557 1001 669 1079 postea
701 987 734 1053 id
762 987 899 1077 virgines
931 985 1073 1052 Vestales
1109 985 1154 1051 sal
1185 1008 1268 1051 serra
1296 984 1398 1050 ferrea

423 1114 532 1168 secant
553 1105 597 1169 ¹.'’

378 1215 514 1281 Videtur
533 1214 779 1305 intelligendum
803 1235 869 1280 esse
889 1211 973 1278 idem
995 1212 1128 1277 Pictoris
1148 1234 1244 1301 opus,
1274 1233 1312 1275 er
1333 1232 1398 1299 quo

334 1328 396 1393 iam
418 1329 511 1419 plura
531 1328 696 1394 attulimus
714 1328 816 1418 prisea
834 1327 928 1392 rerba
944 1348 981 1391 er
997 1349 1031 1391 re
1052 1346 1138 1391 sacra
1149 1325 1311 1403 desumto,
1324 1345 1399 1412 ergo

333 1442 373 1507 de
396 1441 566 1532 fragmenti
590 1454 721 1507 uuctore
743 1440 832 1506 nulla
857 1451 904 1506 est
928 1439 1079 1530 quaestio,

334 1665 389 1734 N0.
423 1664 480 1734 lx.
529 1667 647 1733 Fabius
671 1667 778 1732 Pictor
795 1666 854 1731 hos
875 1654 952 1732 deos
971 1677 1150 1742 enumerat,
1174 1687 1255 1755 «pros
1274 1664 1399 1730 invocat

335 1834 338 1841 .
425 1781 559 1861 flamen,
592 1802 715 1846 sacrum
751 1778 883 1845 Cereale
913 1778 1034 1844 faciens
1065 1779 1185 1845 Telluri
1216 1789 1249 1843 et
1278 1775 1399 1854 Cereri,

410 1893 668 1971 tervanensem,
686 1891 1196 1984 Reparstorern,lmporcitorem,
1215 1890 1400 1969 lnsitorem,

335 2046 338 2053 »
429 2004 655 2085 Obaratcrem‚
684 2004 893 2084 Occatorcnr,
917 2004 1121 2083 Sarritorem‚
1145 2003 1399 2070 Subruncinato·

425 2139 509 2196 rem,
541 2117 728 2197 Messorem,
753 2116 999 2198 Gnnrectcrem,
1024 2116 1250 2198 Conditorem,
1269 2115 1401 2184 'Promi-

424 2242 526 2297 torem
553 2244 577 2296 ².

333 2400 336 2406 ,
382 2342 441 2408 Vir
463 2343 592 2424 dubito,
616 2346 695 2435 quin
713 2343 803 2409 hunc
823 2367 953 2435 quoque
971 2344 1078 2411 locum
1100 2369 1137 2410 er
1157 2345 1250 2410 Fabii
1270 2345 1403 2411 Pictoris

334 2455 417 2521 libro
431 2459 613 2547 pontificio,
630 2459 686 2524 uhi
698 2458 865 2524 flaminum
875 2458 1082 2525 caerimonias
1095 2458 1243 2537 tradidit,
1259 2458 1401 2525 hauserit

336 2583 579 2639 commentator.

381 2686 532 2750 Versatur
554 2683 622 2748 hcc:
633 2684 848 2774 fragmentum
868 2696 971 2751 totum
991 2686 1024 2750 in
1043 2707 1077 2751 re
1093 2684 1227 2764 rustica,
1251 2683 1401 2776 adquam

334 2799 498 2887 pertinent
536 2794 588 2860 dei
621 2795 686 2874 illi,
718 2796 780 2861 nisi
810 2797 917 2887 potius
951 2797 1093 2888 epitheta
1123 2796 1307 2889 accipienda
1338 2800 1403 2864 sint

336 2908 460 2976 Cereris
489 2918 633 2985 tantum,
665 2930 747 2998 quae
773 2910 867 2973 traxit
887 2933 906 2973 a
927 2907 1057 2974 dirersis
1084 2909 1235 2999 operibus
1261 2909 1405 2989 rusticis,

334 3031 510 3088 canamus
530 3020 616 3085 enim
635 3042 709 3110 ager
729 3021 847 3087 dicitur
864 3022 967 3111 primo
988 3034 1092 3088 aratus
1120 3025 1152 3088 in
1182 3046 1269 3103 rere,
1300 3046 1404 3114 repn-

334 3144 433 3200 ναίον
452 3135 517 3199 sive
534 3133 718 3200 redemtor
735 3134 775 3198 ab
797 3134 896 3199 altera
908 3135 1066 3214 aratione,
1084 3138 1317 3226 imperatore
1338 3148 1404 3202 ter-

336 3248 393 3328 tia,
419 3270 518 3337 quum
538 3271 649 3338 porcas
670 3247 808 3327 faciunt,
831 3269 927 3338 porca
952 3247 1037 3314 enim
1056 3261 1103 3314 est
1120 3260 1203 3314 terra
1223 3247 1306 3314 iuter
1322 3249 1408 3315 duos

334 3361 439 3427 sulcos
452 3362 596 3428 eminens
607 3370 636 3439 ²,
650 3366 801 3426 surritcr
815 3372 862 3425 est
881 3362 937 3451 qui
951 3374 1066 3451 purgat
1085 3361 1183 3427 herba
1201 3361 1309 3441 noris,
1326 3365 1405 3428 sud-

335 3478 536 3540 runcr'netor
553 3473 656 3540 dictus
675 3496 692 3539 a
708 3473 815 3540 herbis
829 3473 1018 3554 evellendis,
1031 3480 1200 3566 promitor
1216 3498 1234 3542 a
1251 3498 1406 3567 promen·

337 3586 385 3655 dis
405 3588 527 3667 herbis,
549 3599 654 3653 cetera
673 3587 786 3654 eodem
810 3587 909 3654 rnodo
931 3589 1161 3679 intelliguntur.

336 3813 390 3881 ΝΟ.
426 3814 465 3881 Χ.
514 3815 684 3881 Picumnus
702 3827 736 3881 et
756 3816 822 3881 aris
841 3824 888 3882 est
908 3815 1001 3883 Morti
1019 3814 1143 3895 dicata,
1175 3836 1271 3907 quarn
1291 3816 1406 3907 picum

427 3926 477 3991 rel
504 3927 608 4015 picam
637 3937 767 4005 vocant,
792 3940 823 3992 et
846 3927 925 3992 deus
950 3928 1006 4018 qui
1024 3929 1118 3993 sacris
1140 3928 1291 3995 Romanis
1308 3929 1408 3995 adhi-

428 4041 530 4104 betur.
567 4039 683 4104 Fabius
701 4040 809 4105 Pictor
832 4040 953 4106 Rerum
979 4040 1146 4107 Gestarum
1165 4041 1249 4107 libro
1268 4041 1313 4107 1⁰:
1341 4057 1408 4109 >ret

428 4150 525 4217 simul
549 4151 699 4218 videbant
723 4153 832 4243 picum
857 4153 1005 4218 Martium
1032 4157 1076 4221 ⁴’'.

346 4430 382 4496 .¹)
400 4433 468 4482 Non.
483 4449 507 4482 v.
521 4428 569 4482 sat
580 4448 604 4498 p.
620 4422 679 4485 355.
732 4432 753 4503 ἲ)
771 4436 842 4488 Serv.
860 4435 896 4486 sd
912 4434 998 4503 Georq.
1013 4441 1034 4489 Ι.
1051 4445 1093 4488 21.
1145 4435 1169 4505 ὅ)
1185 4434 1417 4504 [Fest.]Psnl.¹v.

329 4514 473 4582 Impar-citor
491 4533 514 4581 p.
537 4522 594 4568 108.
646 4516 669 4586 ⁴)
684 4521 751 4571 Non.
770 4538 794 4572 v.
813 4521 944 4572 Picumnus
961 4539 985 4587 p.
1004 4529 1064 4573 355.
