3210 5300
577 470 598 552 5
620 471 650 534 8.
670 489 815 533 nrcruroa
835 473 904 534 537.
1221 475 1282 537 327

210 690 282 734 resa
310 667 343 733 in
371 667 441 732 loro
460 665 596 757 agitatae
617 678 706 745 sunt,
730 667 858 757 opinor,
882 665 958 733 hinc
977 679 1088 735 aucus
1110 668 1151 735 ab
1170 668 1273 736 histo·

207 780 280 846 ricis
301 778 551 859 criminationes,
575 780 631 872 qui
650 777 784 845 Fabium
806 780 971 870 appellant
992 780 1178 848 Hannibalis
1201 804 1272 847 ma·

206 894 338 983 gistrum
354 905 386 959 et
401 893 572 959 oratorium
590 894 621 958 in
639 891 770 958 modum
788 891 965 958 Minucium
981 892 1153 974 inducunt,
1175 916 1273 984 quem

206 1005 347 1073 taederet
367 1006 537 1097 languidae
557 1005 699 1073 bellandi
720 1005 769 1072 rel
790 1006 984 1073 defendendi
1001 1006 1109 1096 potius
1128 1007 1270 1074 rationis.

205 1118 325 1186 Verum
354 1119 485 1185 omnino
514 1142 577 1184 non
608 1141 736 1210 possum
757 1117 836 1186 mihi
856 1118 1046 1210 persuadere
1065 1132 1169 1210 patres
1190 1141 1270 1185 con·

204 1231 338 1322 scriptos
357 1232 550 1299 arcessivisse
570 1231 773 1309 dictatorem,
797 1233 853 1321 qui
872 1231 955 1297 nulli
975 1231 1134 1311 obediret,
1158 1232 1198 1298 ad
1216 1256 1268 1298 ra-

203 1344 305 1409 tiones
317 1343 502 1411 reddendas.
535 1345 667 1411 Plebem
678 1345 801 1410 tribuni
817 1344 991 1413 incitarunt
1008 1345 1139 1413 fortasse
1156 1357 1267 1412 contra

201 1455 344 1523 nobilem
363 1457 549 1523 dictatorem
571 1479 605 1521 re
626 1476 696 1523 vera
715 1456 902 1546 patricium,
926 1476 1035 1522 rerum
1054 1468 1180 1523 senatus
1200 1480 1267 1524 non

201 1567 282 1633 adeo
309 1568 386 1632 laris
416 1590 483 1633 essa
510 1566 648 1645 solebat,
670 1567 702 1632 ni
730 1566 842 1644 fallor,
866 1578 901 1632 ut
921 1566 1109 1635 dictatorem
1129 1569 1265 1636 Romam

202 1681 307 1746 venire
325 1680 487 1757 iuberent,
511 1681 564 1745 cui
583 1679 676 1746 aliam
696 1679 861 1770 pugnandi
886 1680 1042 1747 rationem
1066 1684 1265 1772 praescribe·

186 1806 284 1872 ⁴rent3
309 1792 357 1857 illi
388 1814 518 1881 quoque
543 1791 655 1879 procul
679 1790 778 1855 dubio
807 1789 950 1857 sciebant
972 1791 1064 1859 illum
1084 1792 1166 1859 bene
1186 1817 1265 1885 pro·

199 1907 335 1997 aperisse
354 1905 476 1971 civitati
495 1916 526 1970 et
543 1924 680 1970 seruasse
698 1926 766 1968 rem
787 1902 973 1969 Romanam.

244 2023 399 2086 Interea¹
435 2016 594 2083 Hannibal
622 2027 785 2105 comperto
813 2015 1096 2104 prudentissimum
1127 2018 1263 2087 dictato-

199 2157 267 2200 rem
286 2132 411 2210 abesse,
433 2131 466 2198 in
486 2153 560 2220 agro
580 2129 729 2195 Larinate
748 2140 858 2193 contra
879 2129 1062 2218 magistrum
1085 2130 1263 2200 Minucium
1347 2146 1360 2161 “

197 2247 364 2337 pugnavit,
388 2245 452 2311 sire
470 2244 510 2309 ab
525 2243 583 2309 illo
599 2241 764 2333 pugnandi
779 2240 984 2332 cupidissimo
1001 2241 1178 2322 lacessitus,
1198 2247 1263 2312 sire

197 2360 283 2450 quod
299 2360 404 2450 potius
424 2356 630 2438 crediderim,
650 2354 877 2446 pabulatores²
899 2377 1011 2419 manus
1030 2358 1262 2437 conseruerint,

110 2544 114 2547 ,
199 2497 272 2539 nam
292 2473 386 2539 nimis
404 2495 504 2563 prope
524 2481 624 2536 castra
641 2470 743 2560 posita
764 2480 867 2547 erant3
891 2466 1033 2533 historici
1062 2490 1135 2534 rero
1165 2491 1262 2536 aure·

196 2597 271 2649 runt
290 2584 406 2649 lamam
426 2582 520 2647 huius
538 2580 652 2671 proelii
677 2580 789 2646 Poenis
809 2579 945 2657 adversi,
978 2602 1042 2668 quo
1061 2580 1177 2646 melius
1198 2582 1261 2647 Fa·

197 2698 290 2763 biana
308 2695 470 2763 cunctatio
490 2693 637 2761 eraderet
658 2692 884 2782 improbanda3
903 2692 1039 2758 dictator
1049 2692 1133 2759 enirn
1144 2697 1262 2785 magis-

194 2824 281 2877 trum
297 2822 438 2877 vetuerat
455 2807 631 2874 secundum
645 2831 698 2874 eos
711 2819 722 2857 ³
734 2830 820 2871 arma
832 2827 1006 2872 conserere.
1020 2805 1119 2873 Cuius
1134 2831 1259 2899 pugnae

194 2925 325 2989 nuntius
354 2946 453 3014 quum
485 2922 620 2988 Romam
650 2920 857 3011 pervenisset,
890 2919 1126 2986 criminationes
1148 2934 1260 2990 eontra

193 3035 382 3102 dictatorem
402 3047 585 3113 creverunt,
609 3057 686 3125 quas
708 3046 722 3084 ⁴
752 3033 804 3098 hic
825 3055 890 3098 nou
909 3055 1095 3123 persequar3
1120 3034 1259 3127 denique

195 3148 244 3214 lex
265 3160 278 3197 ⁶
303 3148 386 3215 facta
416 3160 476 3228 est,
509 3147 598 3213 ouius
620 3146 798 3237 eremplum
827 3145 954 3212 nullum
974 3146 1079 3212 adhuc
1098 3150 1256 3228 exstabat,

194 3274 229 3326 ut
243 3261 393 3351 magistro
409 3261 554 3351 equitum
574 3260 749 3325 dictaturae
766 3260 934 3350 imperium
955 3271 1154 3350 aequaretur.
1189 3262 1256 3352 Ap-

190 3373 337 3462 pianust
368 3387 478 3441 contra
507 3375 650 3440 omnium
679 3396 866 3440 consensum
896 3385 1002 3439 narrat
1028 3374 1131 3464 legem
1161 3375 1255 3441 istam

192 3486 307 3554 iactam
326 3512 393 3554 esse
409 3510 507 3579 quum
526 3488 624 3554 Poeni
639 3488 672 3553 in
690 3485 861 3577 Campania
880 3485 1051 3576 degebant,
1071 3510 1153 3577 quac
1171 3487 1255 3554 fama

191 3601 368 3690 spernenda
400 3602 535 3668 ridetur.
585 3600 670 3666 Huic
698 3600 759 3689 legi
785 3599 901 3664 Fabius
920 3622 984 3665 non
1005 3600 1135 3678 restitit,
1159 3601 1254 3666 credo

190 3713 276 3801 quod
310 3736 373 3778 non
396 3715 592 3804 improbaret
615 3736 701 3790 eam,
725 3710 838 3777 melius
859 3723 921 3777 tam
941 3723 1106 3799 potentem
1129 3712 1252 3781 hostem

187 3824 234 3889 sic
254 3824 378 3891 duobus
397 3826 475 3892 locis
492 3837 640 3918 poterant
660 3825 826 3890 observare
841 3836 874 3889 et
888 3825 913 3889 si
926 3847 1006 3914 opus
1018 3837 1098 3891 esset
1108 3827 1248 3916 aggredi.

215 4109 235 4177 ¹)
252 4111 343 4175 Polyb.
360 4113 413 4161 ΙΙΙ.
433 4118 494 4171 101;
519 4114 576 4163 Liu.
600 4112 692 4162 XXII.
713 4116 760 4171 24;
784 4111 853 4161 Plut.
877 4110 939 4160 Fae.
965 4117 995 4172 8,
1020 4117 1050 4173 9,
1076 4110 1139 4178 Ray.
1158 4123 1181 4164 et
1198 4115 1253 4183 imp.

178 4194 293 4260 opopltlr.
317 4195 379 4246 Fau.
404 4202 429 4245 2.
497 4194 518 4259 ²)
535 4197 625 4261 Polyb.
649 4197 699 4247 111.
727 4201 774 4247 102
792 4197 805 4260 d
825 4202 847 4246 l.
917 4192 937 4260 ⁵)
955 4197 1045 4261 Polyb.
1069 4199 1120 4248 III.
1145 4204 1178 4250 94
1198 4204 1210 4267 ᾗ
1229 4208 1255 4253 9.

178 4279 200 4346 ⁴)
217 4282 307 4346 Polyb.
315 4283 367 4331 111.
381 4287 527 4341 ror-roa,
546 4282 603 4333 mv.
618 4282 709 4332 xxm.
729 4286 776 4340 25;
793 4282 861 4332 Plut.
879 4281 942 4332 aaa.
962 4287 991 4342 s,
1010 4288 1039 4343 a,
1057 4283 1106 4334 oro
1123 4285 1191 4337 uass.
1210 4293 1252 4339 ⁵7.

180 4367 406 4425 11-15;Zonar.
428 4367 505 4417 v111.
528 4370 569 4415 aa.
622 4364 642 4432 ⁵)
659 4367 749 4432 Polyb.
773 4367 824 4417 111.
849 4373 896 4417 roa
917 4369 932 4430 s
950 4373 979 4427 4;
1005 4369 1063 4418 mv.
1087 4368 1179 4422 xxm
1205 4378 1251 4432 aa,

176 4451 239 4502 Val-
255 4451 327 4500 Max.
344 4453 396 4501 III.
414 4456 439 4500 8.
459 4456 488 4509 2,
506 4452 540 4501 V·
559 4457 584 4499 2.
603 4457 633 4511 45
655 4452 702 4502 Sil.
720 4451 779 4502 Ital·
796 4451 860 4501 VII.
885 4455 948 4510 515;
965 4451 1034 4503 Plut.
1053 4451 1114 4504 Fal).
1137 4460 1181 4516 103
1200 4457 1249 4508 Dlo

175 4536 244 4589 Cass.
263 4534 292 4585 fr.
312 4540 352 4587 57.
375 4539 418 4597 173
437 4535 525 4586 Zonar.
540 4536 616 4587 VIII.
633 4540 673 4588 26.
726 4533 747 4603 ὅ)
765 4533 831 4585 Han.
854 4541 892 4586 12.
