3212 5294
319 459 379 519 208
541 475 621 520 snnv.
643 474 746 519 ramus
767 477 794 525 o.
817 476 844 520 r.
868 476 894 525 Q·
916 477 944 518 n.
965 474 1077 519 rrcron.
1097 456 1174 538 (to).

368 652 438 717 lloc
455 653 638 743 praesertim
652 652 805 719 Macrobii
820 654 1002 719 testimonio
1021 667 1145 720 constat
1162 654 1293 720 Pictoris
1309 674 1391 742 opus

321 766 383 831 boc
411 777 558 831 ornatum
579 790 645 833 esse
666 768 779 846 titulo,
813 768 898 833 uude
924 767 963 832 ad
984 767 1204 859 praecedentis
1223 779 1387 833 auctorem

321 880 485 945 conclusio
514 881 580 946 fiat.
630 880 723 965 Quod
750 881 790 946 ad
819 883 958 974 priscum
988 882 1068 949 illud
1094 882 1226 948 verbum
1255 881 1388 958 attinet,

322 993 451 1059 affertur
480 995 565 1058 inter
592 994 653 1059 alia
674 995 787 1073 rerba,
812 1018 894 1086 quae
918 995 958 1060 ad
976 997 1203 1087 proprietatem
1223 1016 1383 1060 sacrorum

320 1108 498 1196 pertinent,
531 1108 564 1172 iu
593 1108 709 1199 quibus
728 1108 914 1199 perdurasse
934 1110 1060 1199 longius
1080 1110 1211 1200 antiqua
1234 1106 1388 1174 vocabula

320 1243 357 1284 er
376 1220 443 1311 ipsa
466 1221 511 1285 rei
529 1232 642 1286 natura
665 1224 818 1313 sequitur.

366 1335 471 1398 Varro
494 1343 502 1379 ¹
528 1334 680 1424 explicuit
711 1334 888 1400 »titulari'
917 1359 974 1426 per
995 1333 1185 1415 παιωνίζειν,
1215 1331 1301 1397 unde
1321 1330 1389 1396 Ma·

322 1445 423 1511 crobii
442 1446 667 1537 etymologiam
688 1450 793 1513 sensui
815 1460 937 1516 tantum
961 1448 1140 1515 satisfacere
1161 1447 1311 1532 dixerim,
1336 1447 1388 1511 cui

323 1582 430 1626 »voce
453 1561 583 1627 laetari''
608 1560 742 1629 ridetur.

321 1784 375 1852 ΝΟ.
411 1786 449 1852 V.
500 1787 591 1855 ldem
622 1789 752 1879 (Fabius
773 1790 891 1880 Pictor)
923 1789 1006 1855 libro
1034 1790 1111 1855 iuris
1137 1787 1297 1879 pontificii
1323 1785 1388 1850 lll⁰

405 1903 560 1991 pilumno
579 1915 611 1968 et
625 1909 783 1994 pa’eumno
799 1916 822 1968 ².

370 2011 446 2096 Quis
466 2016 505 2080 sit
528 2016 663 2081 „idem”
682 2017 752 2095 ille,
773 2029 903 2107 apparet
925 2042 1029 2096 ereo,
1051 2015 1135 2108 quod
1157 2013 1389 2081 modoNonius

322 2149 359 2191 ex
388 2127 485 2192 Fabio
506 2129 631 2195 Pictore
652 2133 820 2211 attulerat,
845 2131 956 2219 fragm.
978 2129 1031 2196 N0.
1053 2131 1098 2210 X3
1124 2152 1189 2195 roc.
1207 2130 1294 2193 idem
1315 2148 1387 2192 cor-

321 2252 450 2329 ruptum
473 2241 598 2307 ridetur
617 2241 823 2332 Scbweglero
836 2254 864 2324 ³,
884 2243 1006 2333 aliquid
1023 2255 1203 2334 suspectum
1234 2263 1300 2306 esse
1326 2262 1387 2306 nec

321 2353 536 2444 descriptura
557 2368 700 2421 constare
728 2356 877 2446 equidem
904 2355 1084 2434 contendo,
1113 2354 1183 2419 ride
1203 2354 1386 2419 varietatem

321 2466 466 2534 lectionis
485 2469 525 2534 ad
550 2469 636 2535 hunc
668 2471 786 2536 locum.
840 2470 942 2535 Nimis
969 2469 1029 2535 boc
1051 2468 1149 2534 Nouii
1171 2467 1387 2532 testimonium

321 2602 433 2670 urgere
447 2579 527 2645 mihi
543 2582 669 2646 ridetur
683 2581 868 2671 Nipperdey
881 2595 903 2661 ⁴,
921 2582 977 2671 qui
994 2592 1160 2671 propterea
1177 2580 1283 2644 omnia
1303 2579 1388 2668 frap-

320 2706 427 2758 menta
457 2693 572 2758 horum
602 2694 759 2760 librorum
783 2694 823 2768 ad
844 2694 1006 2758 annalium
1028 2706 1191 2759 auctorem
1211 2692 1318 2759 refert.

365 2805 474 2870 Tradit
497 2806 559 2871 boc
578 2807 653 2872 loco
670 2807 857 2898 picumnurn
878 2831 944 2873 esse
964 2820 995 2873 et
1015 2831 1103 2872 arem
1121 2807 1215 2871 Marti
1231 2806 1386 2885 dicatam,

321 2941 416 3007 quam
438 2920 547 3008 picum
569 2931 600 2983 et
620 2921 724 3010 picam
747 2934 876 2998 vocant,
896 2933 927 2987 et
947 2920 1060 3000 deum,
1082 2921 1137 3011 qui
1157 2921 1251 2985 sacris
1268 2919 1386 2984 Roma-

320 3030 368 3095 nis
386 3029 565 3096 adhibetur.
613 3033 752 3099 l'raetuli
774 3035 945 3099 lectionem
974 3034 1173 3124 >›picumno''
1202 3056 1260 3122 pro
1288 3032 1387 3098 altera

321 3167 416 3234 quarn
438 3159 625 3235 spreverunt
646 3146 781 3213 editores
807 3148 975 3237 ›rpicum'’‚
999 3146 1135 3237 explicat
1158 3147 1242 3212 enim
1264 3144 1387 3210 Nonius

320 3258 510 3324 vocabulum
533 3260 750 3349 »picumuus''
769 3285 832 3325 non
856 3283 928 3325 rere
953 3261 1102 3350 »picus'’‚
1131 3260 1220 3350 atqui
1241 3282 1304 3324 uon
1325 3258 1385 3323 bu-

318 3373 366 3437 ius
395 3372 448 3438 sed
477 3373 563 3438 illius
586 3374 765 3464 exemplum
784 3374 1011 3463 proferendum
1033 3385 1108 3438 erat.
1159 3373 1324 3437 Pilumnus
1354 3383 1386 3437 et

317 3486 487 3575 picumnus
507 3488 703 3552 coniunctim
726 3488 877 3576 leguntur
895 3487 979 3576 apud
1001 3486 1173 3552 Varronem
1191 3486 1223 3550 in
1245 3486 1317 3550 loco
1337 3484 1385 3548 al·

319 3596 384 3663 lato
412 3624 429 3663 a
458 3598 562 3666 Nouio
596 3600 733 3679 ibidem;
770 3611 843 3663 sunt
873 3597 921 3663 illi
961 3598 1012 3665 dei
1046 3598 1206 3689 praesides
1238 3597 1385 3687 auspiciis

318 3713 555 3803 coniugalibus‚
578 3715 695 3803 quibus
714 3713 816 3778 lectus
838 3713 1041 3778 sternebatur
1060 3714 1091 3777 in
1117 3712 1254 3803 templis.

318 3892 372 3959 N0.
407 3894 461 3959 Vl.
504 3897 620 3961 Fabius
632 3895 786 3960 Maximus
803 3894 996 3961 Seruilianus
1008 3894 1149 3986 pontifex
1164 3894 1196 3957 in
1211 3893 1296 3958 libro
1308 3889 1386 3957 ΧΠο

419 4022 512 4098 negat
532 4020 678 4099 oportere
701 4020 769 4074 atro
788 4009 840 4074 die
859 4021 1044 4099 parentare,
1064 4008 1139 4098 quia
1156 4020 1232 4072 tuuc
1255 4030 1385 4097 qnoque

407 4119 518 4186 lanum
540 4114 714 4212 lovemque
733 4122 869 4212 praefari
891 4144 1017 4187 necesse
1036 4135 1099 4202 est,
1125 4145 1204 4212 quos
1227 4121 1386 4186 nominari

408 4246 477 4299 atro
492 4235 552 4300 <die
573 4259 637 4300 non
660 4248 785 4326 oportet
808 4250 832 4301 ⁵.

344 4435 364 4501 ¹)
386 4435 446 4489 Rea.
472 4438 544 4490 divin.
572 4440 632 4492 XV.
729 4437 749 4505 ²)
767 4441 834 4491 Non.
862 4456 886 4489 v.
913 4438 1038 4491 Pilumnus
1063 4451 1088 4492 ct
1114 4439 1244 4490 Picumnus
1275 4455 1299 4504 p.
1330 4444 1394 4490 361.

310 4518 330 4589 ⁵)
349 4518 383 4572 R.
405 4520 476 4576 (1.1.
497 4529 526 4576 r:
547 4541 572 4576 n.
597 4530 634 4577 te.
688 4523 708 4592 ⁴)
726 4526 759 4576 In
776 4523 868 4577 Pln'lol.
889 4527 936 4579 VI.
959 4532 1014 4577 let.
1069 4525 1088 4595 5)
1106 4527 1217 4578 Macrob.
1234 4520 1288 4575 Sat.
1307 4525 1328 4575 1.
1353 4531 1395 4576 ts.
