3194 5302
487 423 508 506 5
528 426 557 484 5.
579 439 667 484 ssent
691 440 858 485 ecnrrsron
879 442 1037 487 rsnronou.
1265 428 1302 489 19

229 640 287 708 per
313 614 513 706 haruspices,
541 637 653 682 eorum
677 616 784 682 omina
812 640 870 708 per
898 640 1051 708 augures,
1079 617 1220 708 denique
1240 641 1299 709 per

225 730 354 820 quosvis
384 727 562 794 sacerdotes
591 729 746 819 explicata
776 743 868 795 caute
898 732 933 796 in
963 754 1031 797 rem
1063 754 1152 797 suam
1174 744 1298 798 vertere

227 842 339 908 sedulo
371 842 476 908 conati
507 854 591 909 sunt.
640 843 727 910 llaec
757 842 844 934 quod
871 843 910 908 ad
935 844 1067 935 publica
1088 845 1218 923 attinet,
1242 844 1298 911 sed

227 957 261 1021 in
294 957 425 1047 privatis
458 955 707 1046 haudquaquam
741 956 1004 1047 negligentiores;
1036 957 1179 1047 singulae
1211 957 1299 1022 enim

227 1082 355 1159 gentes,
369 1072 477 1159 'lquae
496 1082 601 1135 autern
622 1068 765 1159 singulae
786 1070 926 1136 familiae
942 1069 1101 1136 faciebant
1123 1070 1297 1135 domestica

226 1205 313 1248 nunc
337 1183 449 1261 mitto,
464 1206 505 1248 ne
525 1181 564 1247 ad
585 1183 718 1249 Penates
739 1196 771 1249 et
790 1182 886 1249 Lares
905 1183 1081 1272 devertar),
1096 1186 1218 1275 privata
1239 1183 1298 1249 ha·

226 1295 346 1360 bebant
383 1295 584 1386 procuranda
617 1307 715 1386 atque
752 1295 968 1378 observanda,
1007 1296 1214 1362 caerimonias
1246 1317 1298 1360 so-

225 1408 409 1498 lemnisque
443 1406 639 1498 perficienda
667 1419 786 1474 statuto
818 1408 890 1473 loco
920 1421 952 1475 et
979 1409 1113 1474 solemni
1136 1421 1297 1498 tempore,

225 1519 267 1585 ad
292 1542 375 1609 quae
398 1519 634 1585 conveniebant
665 1541 775 1584 omnes
796 1519 939 1585 eiusdem
959 1520 1112 1598 nominis,
1134 1521 1168 1584 id
1189 1533 1236 1585 est
1256 1521 1298 1587 ad

228 1632 363 1699 eandem
390 1644 518 1721 gentem
550 1632 607 1722 qui
634 1632 840 1722 pertinebant
865 1632 916 1697 vel
940 1654 977 1697 er
999 1630 1129 1697 dirersis
1148 1633 1297 1712 familiis,

226 1745 357 1810 nomine
386 1746 471 1809 enim
499 1756 535 1809 ut
560 1756 592 1809 et
612 1745 888 1834 consanguinitate
908 1767 973 1809 non
994 1755 1120 1810 tanturn
1140 1746 1190 1811 illi
1209 1757 1300 1811 erant

225 1859 328 1923 iuncti
362 1858 417 1924 sed
449 1858 543 1923 sacris
577 1879 708 1948 quoque
740 1858 905 1923 communi
931 1857 1069 1923 concilio
1100 1858 1299 1948 peragendis.

226 1969 281 2036 Sic
309 1971 394 2061 apud
425 1971 561 2037 Graecos
587 1969 707 2035 Achaei
727 1971 858 2036 Helicae
886 1983 918 2036 et
936 1970 1029 2035 lones
1048 1970 1191 2058 Mycalae
1211 1994 1299 2037 sacra

227 2083 389 2149 faciebant
409 2080 561 2172 Neptuno
582 2080 768 2159 Heliconio,
802 2081 847 2146 sic
868 2081 900 2146 in
921 2080 1013 2146 ltalia
1035 2105 1144 2148 ornnes
1164 2083 1221 2173 qui
1240 2105 1300 2148 no-

226 2194 456 2263 minisLatini
478 2205 585 2271 erant,
609 2193 644 2258 in
668 2206 777 2259 monte
799 2193 942 2271 Albano,
967 2194 1011 2259 sic
1037 2194 1130 2261 Tusci
1148 2195 1301 2274 nominis,

227 2324 260 2376 et
287 2309 331 2375 sic
359 2308 527 2397 deinceps,
558 2305 670 2372 eadem
694 2317 740 2371 est
762 2306 843 2370 ratio
863 2296 1064 2395 ingentibus
1084 2330 1166 2397 quae
1187 2307 1220 2371 in
1239 2331 1301 2397 po·

224 2423 311 2514 pulis
342 2421 415 2486 illis.
449 2420 533 2484 llinc
562 2420 615 2510 pie
647 2431 678 2484 et
709 2418 884 2483 admodum
910 2417 1057 2507 religiose
1090 2419 1301 2485 observabant

226 2534 453 2612 caerimonias,
488 2555 569 2623 quae
592 2533 821 2598 intermortuae
848 2530 1012 2621 piaculum
1039 2531 1167 2612 fuisset;
1197 2543 1301 2599 trans·

226 2661 307 2715 eunt
337 2648 424 2713 enirn
442 2647 501 2711 ista
521 2667 610 2711 sacra
630 2668 703 2711 cum
719 2644 962 2710 demortuorum
982 2644 1074 2710 bonis
1090 2644 1130 2711 ad
1152 2645 1301 2727 heredes,

227 2764 271 2828 ita
301 2774 337 2827 ut
364 2761 404 2826 ad
435 2783 531 2849 quem
559 2759 696 2850 pecunia
727 2758 766 2824 ad
795 2758 936 2823 eundem
964 2779 1124 2824 sacrorum
1148 2760 1301 2850 obligatio

227 2876 342 2941 veniat.
398 2873 490 2938 Hanc
526 2873 568 2937 ob
601 2895 727 2938 causam
760 2871 898 2937 Romani
925 2871 1039 2936 sedulo
1071 2873 1227 2939 carebant
1260 2895 1302 2938 ne

226 3011 305 3079 gens
332 2998 453 3066 suaet,
480 2985 568 3077 quod
589 2987 691 3052 maius
712 2997 799 3063 erat,
818 3009 859 3051 ne
881 3007 967 3050 sacra
988 2985 1130 3075 perirent
1156 3000 1185 3066 ¹,
1205 2987 1301 3051 etsie

226 3101 432 3190 adoptionem
464 3100 490 3164 si
519 3100 646 3190 patricii
676 3099 887 3177 adhibebant,
923 3099 1080 3188 arrogatio
1111 3097 1228 3176 fiebat,
1261 3110 1299 3163 ut

225 3226 390 3304 arrogatus
420 3235 580 3279 sacrorum
612 3214 702 3279 lieret
729 3214 903 3304 particeps;
936 3210 998 3275 hoc
1026 3212 1060 3275 in
1082 3211 1219 3276 comitiis
1240 3232 1300 3275 cu·

227 3326 315 3390 riatis
342 3323 488 3390 adstante
516 3324 671 3415 pontifico
699 3324 836 3388 marimo
863 3324 961 3389 fiebat
986 3345 1061 3388 cum
1081 3323 1300 3389 sacerdotibus

226 3437 380 3528 patriciis.
438 3437 485 3502 Ex
518 3435 567 3501 his
601 3434 747 3527 sequitur
776 3459 905 3503 uxorem
935 3458 992 3526 per
1011 3436 1299 3503 confarreationem

227 3575 296 3618 esso
318 3550 513 3629 ducendam;
537 3549 591 3615 sed
610 3549 688 3640 quid
705 3550 867 3615 notissima
887 3570 1076 3639 recoquam,
1093 3550 1166 3613 satis
1183 3561 1298 3616 notum

227 3664 388 3755 estquod
416 3663 546 3730 ditiores
575 3686 612 3728 ac
638 3663 810 3728 deteriores
836 3663 955 3753 posteri
979 3683 1064 3726 sacra
1086 3661 1298 3750 neglexerint,

227 3778 317 3869 quod
350 3776 511 3843 hereditas
538 3779 606 3843 sine
636 3778 732 3842 sacris
759 3778 793 3841 in
820 3775 1028 3866 proverbium
1057 3775 1216 3839 transierit
1244 3775 1296 3840 rel

226 3905 373 3980 tempore
397 3891 504 3956 Plauti
524 3903 554 3969 ²,
577 3890 685 3981 potuit
704 3890 802 3978 igitur
822 3888 1048 3979 antiquissimis
1068 3900 1192 3953 tantum
1215 3901 1297 3955 tem-

225 4005 360 4097 poribus
379 4004 484 4094 sigere
502 4004 560 4069 ista
580 4004 661 4068 ratio
682 4015 780 4093 atque
800 4001 1014 4081 observantia,
1030 4024 1130 4092 quum
1146 4025 1182 4067 ex
1200 4003 1297 4068 sacris

227 4118 399 4184 commoda
425 4130 649 4197 nascerentur,
674 4129 782 4184 contra
809 4117 843 4181 in
872 4116 938 4182 sola
959 4126 1053 4206 gente
1074 4113 1208 4182 Claudia
1228 4117 1299 4183 sine

259 4391 278 4456 ¹)
297 4392 368 4444 Serv.
387 4390 423 4441 ad
438 4388 499 4443 Aen.
517 4392 569 4443 ΙΙΙ.
591 4397 652 4451 104;
671 4391 723 4443 Cic.
738 4408 767 4456 p.
788 4388 854 4441 Mun
877 4395 906 4439 12
925 4389 938 4453 d
956 4393 997 4443 Ξῖ.
1050 4385 1071 4456 ²)
1094 4386 1165 4455 Cupt.
1174 4391 1223 4443 IV.
1240 4395 1260 4439 l.
1272 4395 1299 4453 8,

224 4476 253 4529 Τ
250 4476 333 4530 sinum.
351 4478 388 4527 ΙΙ.
408 4483 431 4526 4.
451 4482 492 4528 83.

1119 4563 1159 4625 2*
