3154 5294
632 511 658 553 u.
670 510 773 554 riorus
785 511 811 560 Q.
824 511 851 553 r.
863 511 893 552 u.
905 510 934 553 n.
945 507 1035 553 nonso
1045 491 1120 573 (12).

511 737 529 820 §
554 740 583 801 3.
631 733 742 800 Sacra
765 740 802 799 in
824 736 904 800 colle
931 733 1108 820 Quirinali
1131 737 1196 801 364
1224 743 1248 799 ¹.

394 936 589 1029 Capitolium
616 961 674 1028 per
697 939 805 1029 plures
828 961 954 1004 menses
980 937 1064 1003 Galli
1098 935 1306 1015 obsederunt,
1331 958 1416 1026 quae

351 1053 488 1121 obsessio
507 1052 630 1118 etiamsi
649 1051 731 1125 adeo
750 1051 867 1140 gravis,
887 1063 922 1115 ut
939 1051 985 1115 nil
1005 1051 1038 1114 in
1054 1071 1156 1115 arcem
1175 1048 1334 1115 transferri
1352 1073 1412 1140 po-

351 1165 463 1250 tuerit,
499 1179 605 1232 tamen
637 1167 713 1256 pius
739 1176 845 1229 noster
872 1164 989 1229 Fabius
1019 1187 1088 1228 eam
1116 1164 1282 1254 reliquisse
1313 1163 1415 1228 fertur

349 1301 509 1344 sacrorum
538 1301 641 1343 causa.
699 1278 775 1343 Erat
804 1300 919 1366 nempe
945 1287 1080 1342 statutus
1103 1275 1188 1354 dies,
1213 1298 1277 1365 quo
1297 1275 1415 1340 Fabiae

349 1394 437 1484 genti
465 1391 606 1457 solemne
639 1403 704 1456 erat
735 1413 858 1456 sacrum
888 1412 1053 1480 peragere,
1083 1390 1255 1455 noluerunt
1276 1390 1416 1480 religiosi

351 1505 488 1569 Romani
507 1504 666 1594 negligere
691 1503 783 1584 deos,
806 1515 883 1567 tunc
900 1503 1085 1593 praesertim
1111 1502 1143 1567 in
1167 1526 1291 1569 summo
1309 1525 1416 1568 rerum

354 1617 536 1682 discrimine
551 1616 739 1707 placandos;
764 1627 908 1681 statuunt
930 1638 1005 1705 ergo
1026 1637 1111 1680 sacra
1132 1617 1191 1681 rite
1206 1615 1320 1681 iacere.
1351 1612 1417 1680 Sed

352 1730 502 1795 solemnis
529 1753 597 1795 mos
627 1728 809 1819 requirebat
838 1739 873 1792 ut
905 1728 937 1792 in
965 1740 1074 1794 monte
1101 1726 1256 1811 Quirinali
1287 1729 1418 1805 fierent,

353 1843 410 1908 ubi
438 1866 490 1907 ara
522 1854 588 1907 erat
608 1854 662 1908 aut
685 1840 845 1919 aedicula,
869 1840 902 1904 in
936 1864 998 1930 qua
1027 1841 1096 1905 fieri
1125 1839 1286 1919 solebant3
1316 1841 1419 1932 Appi-

352 1978 431 2019 anus
450 1953 490 2018 de
509 1953 629 2043 templo
650 1956 766 2017 Vestae
785 1951 944 2041 loquitur,
960 1950 1046 2016 haud
1066 1952 1131 2016 scio
1147 1976 1187 2017 an
1203 1964 1299 2017 recte.
1332 1952 1420 2019 Galli

353 2068 458 2132 omnia
487 2078 612 2156 praeter
639 2064 833 2156 Capitolium
861 2064 1147 2159 tenebant,vatqui
1176 2064 1419 2156 huncquoque

353 2180 477 2256 locum3
502 2200 567 2242 non
592 2189 697 2241 tamen
722 2199 776 2242 eos
797 2175 967 2241 absterruit
987 2177 1068 2241 illud
1089 2202 1106 2242 a
1130 2177 1311 2267 proposito.
1336 2202 1420 2245 unus

351 2315 389 2357 ex
410 2303 503 2381 gente
522 2289 695 2354 dimittitur
716 2289 816 2354 Dorso
836 2302 943 2354 noster
963 2288 1002 2354 ad
1020 2289 1245 2380 praestandum
1266 2291 1419 2359 officium.

354 2405 479 2471 Gabino
504 2404 611 2467 cinctu
628 2401 779 2481 indutus,
804 2401 836 2468 id
857 2414 921 2481 est,
946 2414 1018 2492 toga
1034 2402 1068 2467 in
1086 2416 1209 2493 tergum
1227 2404 1358 2484 reiecta,
1384 2416 1421 2470 ut

351 2519 415 2584 ima
445 2516 512 2583 eius
541 2540 558 2580 a
587 2528 675 2606 tergo
706 2527 851 2581 revocata
875 2537 990 2605 corpus
1011 2506 1168 2606 cingas,
1193 2516 1357 2583 descendit
1379 2517 1421 2583 de

353 2631 513 2723 Capitolio
542 2653 600 2719 per
630 2629 750 2694 medias
780 2628 921 2694 hostium
948 2630 1117 2708 stationes,
1148 2642 1180 2695 et
1201 2631 1245 2696 sic
1265 2630 1369 2697 salvus
1387 2632 1422 2696 in

354 2746 550 2828 Quirinalem
580 2743 740 2834 pervenit3
773 2744 908 2835 peractis
936 2743 1030 2809 sacris
1057 2742 1167 2809 eadem
1190 2745 1239 2809 ria
1260 2744 1422 2810 constanti

354 2858 468 2947 grado,
501 2857 578 2921 deos
605 2856 761 2946 propitios
790 2856 849 2920 sibi
871 2856 940 2921 fore
964 2855 1127 2922 confidens
1147 2856 1180 2920 in
1202 2879 1304 2923 arcem
1327 2857 1423 2923 rediit

353 2994 411 3060 per
438 2967 543 3036 media
573 2968 714 3034 hostium
746 2970 810 3034 tela
839 2968 1009 3034 incolumis
1035 2969 1098 3034 sire
1121 2969 1282 3059 religionis
1303 2971 1423 3036 auxilia

354 3084 418 3148 sire
442 3082 540 3148 Gallis
562 3082 731 3146 audaciore
752 3081 894 3146 facinore
914 3081 1068 3147 attonitis.

399 3195 490 3260 Hanc
515 3196 686 3285 spreverim
717 3195 888 3273 fabellam,
921 3217 1003 3284 quae
1032 3193 1281 3286 haudquaquam
1304 3195 1424 3286 proba-

355 3309 428 3374 bilis
448 3308 527 3374 mihi
542 3331 608 3374 esse
626 3308 768 3387 ridetur3
793 3306 956 3397 quomodo
975 3308 1059 3372 enim
1079 3329 1183 3372 arcem
1204 3307 1348 3398 undique
1363 3309 1425 3375 ob·

356 3445 470 3487 sessam
488 3434 519 3487 et
539 3424 676 3487 cinctam
698 3422 877 3512 reliquisset
897 3432 928 3485 et
952 3412 1055 3486 salvus
1074 3420 1235 3499 rediisset,
1260 3423 1424 3511 quomodo

357 3535 413 3624 qui
433 3535 497 3599 arci
522 3546 666 3626 praeerat
687 3533 749 3599 tale
770 3533 846 3624 quid
867 3534 1074 3623 permisisset,
1100 3545 1179 3624 quot
1200 3558 1317 3625 quaeso
1339 3535 1425 3602 fame

356 3650 456 3738 pressi
484 3648 619 3713 similem
649 3646 690 3711 ob
720 3668 844 3712 causam
878 3669 982 3712 arcem
1012 3647 1231 3737 reliquissent,
1263 3650 1427 3739 quomodo

359 3761 467 3827 Gallos
491 3783 652 3827 sacrorum
683 3781 758 3825 cura
783 3754 965 3826 definisset?
1013 3761 1165 3827 Romanis
1195 3773 1272 3828 tune
1302 3786 1426 3829 summa

360 3897 435 3940 cura
465 3874 562 3940 luisse
589 3874 706 3953 fertur,
740 3897 782 3940 ne
801 3896 887 3939 sacra
907 3874 940 3938 in
962 3872 1102 3940 hostium
1121 3875 1266 3941 renitent
1284 3888 1426 3967 potesta·

361 4002 441 4067 tem,
471 4010 552 4078 quae
583 3987 642 4051 sub
665 4000 747 4053 terra
771 3987 966 4053 defoderunt
984 4000 1039 4053 aut
1059 3990 1091 4053 in
1114 3989 1175 4054 alia
1193 3989 1263 4055 loca
1286 4002 1427 4057 transtu-

363 4103 484 4181 lerunt,
510 4102 580 4191 quis
602 4101 709 4168 credet
728 4101 863 4166 Fabium
883 4101 1110 4193 proculdubio
1129 4102 1302 4171 admodum
1320 4104 1427 4194 pium,

362 4238 472 4280 ausum
505 4238 570 4280 esse
603 4237 661 4304 per
689 4202 808 4281 medias
837 4214 978 4281 hostium
1005 4215 1155 4282 stationes
1175 4239 1261 4282 sacra
1281 4218 1427 4284 manibus

389 4472 408 4538 ¹)
435 4473 492 4522 Lir.
517 4473 552 4521 V.
577 4473 692 4530 46-52;
717 4471 777 4521 Val.
801 4471 874 4522 Mass.
898 4473 921 4521 Ι.
947 4478 968 4522 l.
999 4478 1042 4533 ¹13
1066 4473 1136 4523 Flor.
1155 4475 1176 4524 I.
1205 4480 1234 4525 13
1259 4476 1274 4538 ς
1298 4478 1343 4535 16;
1367 4475 1431 4525 Min.

353 4558 409 4609 uel.
426 4562 455 4617 65
474 4556 524 4606 Dio
541 4554 609 4608 Cass.
628 4556 659 4606 sr.
676 4560 717 4605 25.
735 4560 765 4616 5,
776 4559 790 4605 6
797 4578 804 4616 ς
823 4557 890 4622 App.
913 4553 978 4609 Gall.
997 4561 1021 4608 6.
1057 4554 1079 4624 ²}
1096 4559 1167 4610 Sars.
1187 4556 1432 4613 udAen.VH.612.
