3190 5304
385 431 406 513 5
428 433 457 493 o.
477 448 587 493 cousus
608 431 677 494 633.
698 431 720 514 5
740 433 769 494 7.
790 448 845 494 rao
864 447 992 495 cossura
1012 433 1073 495 ost
1204 432 1263 495 407

241 622 313 692 Non
341 637 450 692 tamen
475 627 508 692 in
531 625 716 717 provinciae
736 625 872 695 sormam
891 626 1020 695 redacta
1040 638 1087 693 est
1110 637 1119 676 ¹
1144 624 1258 693 Bituiti

195 737 386 829 imperium,
414 761 521 829 neque
548 737 742 829 stipendium
774 739 921 807 Aruernis
950 721 1103 830 imposuit
1131 751 1259 807 senatus

194 853 320 920 etiamsi
337 877 356 920 a
375 853 474 919 Fabio
494 853 666 944 superatis3
690 876 729 920 ex
746 875 811 944 quo
833 851 974 921 (lassaris
989 852 1172 919 testimonio
1189 852 1260 918 Ru-

195 967 277 1033 tenis
294 964 407 1033 eadem
422 989 504 1057 quae
528 967 676 1034 Arvernis
695 967 839 1034 conditio
859 967 959 1035 fuisse
975 965 1116 1046 ridetur,
1139 964 1194 1031 sed
1216 964 1259 1032 de

193 1081 230 1146 iis
251 1079 297 1144 nil
318 1078 458 1145 innotuit
476 1093 648 1171 praeterea.
698 1080 890 1170 Allobroges
908 1091 921 1130 ²
941 1090 1051 1145 contra
1067 1078 1100 1143 iu
1118 1076 1258 1144 deditio·

193 1214 267 1258 nem
296 1192 433 1283 accepti3
465 1216 531 1284 quo
563 1194 609 1259 nil
641 1192 729 1260 aliud
760 1193 972 1284 significatur,
1003 1192 1130 1282 opinor,
1159 1214 1258 1282 quam

192 1327 302 1372 eorum
325 1318 441 1372 terram
460 1307 607 1373 Romano
627 1308 787 1375 territoria
805 1330 873 1373 esse
891 1305 1051 1386 additam,
1074 1304 1257 1396 provinciae

194 1416 321 1485 Galliae
347 1419 588 1510 Transalpinam
616 1420 692 1487 inde
716 1443 871 1511 agnomen
891 1419 992 1485 Fabio
1012 1430 1120 1484 nostro
1139 1416 1258 1483 adhae-

190 1530 232 1596 sit
261 1542 291 1611 ⁸,
323 1544 356 1598 et
386 1532 573 1624 Allobroges
601 1534 668 1599 eius
698 1533 876 1623 patrocinio
903 1532 951 1598 usi
975 1544 1049 1598 sunt
1073 1543 1105 1611 ¹,
1135 1531 1256 1596 Rornae

191 1643 284 1709 nimis
309 1667 403 1736 saepe
428 1643 472 1712 de.
494 1646 745 1736 provincialibus
776 1644 1011 1735 magistratibus
1040 1642 1201 1734 questuri,
1225 1654 1258 1709 et

190 1756 236 1819 sic
255 1755 288 1819 in
307 1777 421 1846 magno
437 1754 558 1823 bonore
577 1757 644 1823 eius
661 1780 779 1823 nornen
797 1756 859 1825 luit
878 1755 963 1847 apud
976 1766 1103 1845 gentem
1119 1754 1208 1821 illam
1229 1767 1256 1824 ⁵.

189 1865 284 1949 Quod
314 1889 385 1932 raro
416 1866 580 1957 subiungit
605 1867 738 1955 Tbierry
768 1879 780 1917 θ
807 1878 885 1932 tunc
907 1868 1037 1935 demum
1059 1866 1256 1957 prouinciam

188 1979 281 2045 illam
310 1979 512 2046 consularem
539 2003 606 2046 csse
630 1980 763 2059 iactam,
792 1980 900 2049 nescio
918 1980 1003 2046 unde
1026 1978 1159 2059 habeat,
1181 2003 1257 2047 nam

187 2091 283 2158 buius
302 2093 349 2157 rei
367 2114 461 2157 cansa
481 2091 581 2159 dubio
605 2092 741 2161 obnoxia
761 2105 823 2172 est,
847 2105 880 2159 et
896 2093 929 2160 P.
946 2093 1081 2161 Manlius
1098 2115 1138 2157 an
1154 2093 1254 2159 Fabio

184 2204 372 2270 successerit
394 2204 588 2294 ignoramus.

499 2357 517 2440 §
542 2361 573 2422 t.
619 2354 691 2422 Pro
714 2356 847 2420 consule
869 2357 947 2422 634.

233 2489 366 2557 Constat
384 2489 484 2556 Fabio
504 2491 673 2581 imperium
691 2514 757 2558 esse
773 2502 994 2581 prorogatum,
1010 2513 1081 2555 nam
1098 2513 1156 2580 pro
1173 2513 1253 2556 con·

183 2604 254 2670 sule
270 2601 469 2693 triumphum
488 2602 595 2683 duxit,
619 2616 654 2668 ut
675 2604 762 2669 Basti
781 2615 951 2670 testantur:

180 2742 211 2800 Q.
219 2740 344 2789 FABIUS
350 2741 379 2799 Q.
386 2740 587 2791 AEMILIAM
589 2743 619 2790 F.
630 2742 661 2800 Q.
668 2744 701 2792 Ν.
711 2742 830 2791 MAXIM
834 2742 1023 2790 USPBOGOS.
1035 2741 1093 2790 AN.
1101 2740 1258 2793 Doxxxttt
1352 2774 1356 2777 -

212 2827 265 2874 DE
273 2825 516 2874 Attonnoctsus
529 2826 581 2874 ET
592 2827 692 2875 REGE
702 2827 1126 2876 ARVERNORUMBETULTO.
1137 2828 1167 2876 X.
1180 2827 1205 2875 K
1216 2862 1222 2876 .
1234 2860 1259 2876 ..

177 2910 234 2959 (ΙΝ.
245 2910 422 2959 DOMITIVS
429 2912 483 2960 CN.
495 2912 524 2959 F.
537 2911 591 2960 GN.
603 2912 637 2961 N.
645 2911 900 2961 AHBNOBABBUS
911 2912 1052 2961 Paucos,
1064 2911 1119 2962 All.
1128 2911 1257 2962 ntxxrtt.

390 2996 442 3043 DE
462 2997 613 3045 GALLEIS
627 2996 845 3046 ARVEBNB'IS.
1093 2997 1161 3047 XVI.
1179 2998 1205 3047 K
1215 3033 1222 3046 .
1232 3033 1258 3047 ..

230 3099 278 3164 lt
308 3098 396 3165 hunc
422 3100 624 3192 triumphum
643 3102 823 3168 ornandum
842 3101 980 3167 Bituitus
999 3102 1160 3181 inserviit,
1194 3103 1251 3192 qui

179 3213 392 3279 discoloribus
405 3213 543 3280 inarmis
562 3226 777 3306 argenteoque
797 3227 949 3306 carpento
967 3214 1082 3281 ductus
1098 3226 1145 3280 est
1162 3215 1195 3279 iu
1211 3238 1249 3280 eo

179 3324 358 3391 secundum
387 3325 539 3405 Florum,
571 3349 648 3416 ergo
678 3326 718 3393 de
744 3327 837 3394 Fabii
858 3326 1020 3418 triumpho
1043 3326 1248 3416 cogitandum

179 3450 244 3515 est,
268 3460 342 3503 nam
365 3437 420 3504 hic
449 3438 489 3507 de
511 3440 636 3506 Bituito
656 3439 883 3530 triumpharit,
904 3464 969 3506 non
991 3440 1166 3520 Domitius,
1190 3440 1248 3531 qui

181 3551 404 3642 frustraigitur
415 3551 531 3620 ducem
550 3552 701 3620 hostilem
720 3554 863 3644 collegae
881 3553 999 3644 gloriae
1017 3554 1173 3644 surripere
1190 3577 1247 3618 oo·

180 3676 272 3731 natus
299 3676 356 3733 est.
404 3664 490 3733 Num
511 3666 666 3757 triumphi
688 3688 783 3733 causa
803 3666 887 3733 utba
908 3665 1042 3745 venerit,
1071 3666 1245 3746 nescimus,

180 3779 287 3868 posuit
308 3779 389 3845 illud
411 3779 560 3869 Tbierry‚
583 3781 692 3871 quiin
712 3779 825 3846 eodem
846 3781 919 3846 loco
937 3803 1101 3870 perperam
1120 3780 1244 3869 scripsit

175 3891 290 3959 eodem
314 3892 365 3963 die
385 3893 426 3959 ab
446 3894 484 3960 iis
503 3917 569 3961 esse
589 3891 838 3982 triumphatum
861 3893 948 3984 quod
966 3915 1004 3957 er
1017 3891 1140 3958 Velleio
1161 3891 1243 3958 hau·

176 4005 251 4072 sisse
270 4007 411 4088 ridetur,
435 4008 526 4075 cuius
547 4005 690 4074 »eodem
709 4016 813 4071 tractu
830 4009 1029 4096 temporum'’
1047 4007 1130 4072 male
1145 4007 1243 4072 intel·

176 4116 271 4198 lesit,
299 4143 372 4185 nam
400 4120 569 4187 Fastorum
602 4120 736 4187 laciniae
765 4130 911 4185 accurate
942 4118 1160 4184 demonstrant
1190 4142 1241 4186 sex

204 4320 225 4385 ²)
242 4322 313 4375 Caes.
331 4321 366 4372 B.
385 4320 416 4373 G.
438 4325 460 4374 Ι.
480 4326 514 4373 45
531 4325 544 4389 5
562 4330 586 4374 2.
657 4322 679 4393 ²)
694 4326 752 4377 Liv.
775 4326 843 4389 Epit.
867 4324 940 4374 LXI.
1004 4321 1109 4389 ⁵)Ve11.
1130 4325 1186 4376 Pat.
1211 4325 1247 4376 11.

170 4407 473 4472 10§2;Amm.Marc.
492 4409 553 4460 XV.
576 4414 620 4470 12;
640 4410 683 4461 Po.
698 4411 758 4461 Asc.
779 4408 814 4458 att
834 4405 904 4458 Verr.
923 4410 946 4458 Ι.
973 4410 1062 4474 7519,
1087 4425 1112 4473 p.
1134 4414 1181 4459 133
1200 4408 1244 4461 Or.

167 4488 188 4555 ⁴}
207 4490 531 4558 cs.cap.xvu1§ahuius
542 4494 622 4545 Libri.
666 4491 686 4562 ⁵)
704 4494 756 4546 Cic.
769 4510 817 4560 pro
831 4492 902 4543 Forat
922 4493 1025 4558 l2§26.
1069 4490 1089 4560 ⁶)
1107 4494 1170 4557 Peg.
1189 4496 1245 4546 179.
