3210 5300
425 455 446 539 ς
467 460 496 520 6.
516 474 626 520 seusun
646 458 688 518 11.
708 455 778 518 526.
797 455 819 536 ς
838 457 870 518 6.
889 475 1034 519 orcrsron
1054 457 1122 518 533.
1249 455 1308 518 ³09

242 649 403 719 humanda
421 674 507 719 sacra
527 653 596 719 fieri
615 652 745 718 solitum
764 675 846 731 esse,
869 651 956 718 uude
973 652 1196 720 deducendum
1214 651 1303 718 ride·

240 777 307 845 tur,
340 765 469 831 miseros
504 765 579 830 istos
614 765 701 831 illius
737 765 852 831 mensis
881 764 933 831 dic
963 766 1070 832 nescio
1098 788 1163 856 quo
1192 765 1299 832 defos-

238 901 291 943 sos
315 901 389 946 esse.

288 989 395 1057 Lirius
424 1003 434 1042 ¹
464 989 603 1081 deniqne
634 989 721 1056 huno
750 1012 869 1057 annum
891 990 952 1058 sibi
974 990 1095 1070 soluit,
1118 990 1174 1057 ubi
1192 990 1302 1056 scribit

239 1105 323 1169 inter
355 1104 417 1169 alia
452 1102 700 1170 extraordinaria
734 1126 820 1170 sacra
847 1116 920 1194 post
945 1104 1069 1170 cladem
1102 1101 1300 1170 Cannensem

239 1215 396 1281 Graecum
421 1230 455 1282 et
482 1214 648 1297 Graecam,
674 1215 802 1283 Gallum
823 1238 860 1281 ac
882 1216 1006 1283 Gallam
1026 1218 1060 1282 in
1081 1216 1165 1282 lloro
1185 1215 1299 1281 Boario

236 1329 298 1394 sub
327 1341 406 1395 terra
436 1330 520 1397 rivos
552 1328 704 1396 demissos
731 1330 849 1395 esseio
872 1329 979 1394 locum
1001 1329 1066 1395 iam
1090 1337 1170 1396 ante
1189 1327 1299 1395 hostiis

239 1440 403 1520 humanis,
427 1441 558 1507 minime
582 1442 727 1508 Romano
752 1463 840 1508 sacro
863 1443 1033 1508 imbutum.

568 1626 586 1709 §
611 1627 643 1690 6.
692 1623 862 1711 [Dictator
885 1624 972 1712 533]

282 1776 437 1870 Sequitur
464 1792 499 1845 ut
525 1779 630 1846 dicam
655 1780 695 1847 de
721 1782 858 1860 honore,
889 1803 985 1871 quem
1010 1780 1127 1846 Fabius
1146 1804 1211 1847 nou
1230 1803 1301 1871 ges·

237 1891 312 1957 aisse
338 1891 481 1972 ridetur,
505 1906 644 1984 quatuor
667 1892 752 1959 enirn
777 1895 827 1959 rel
853 1893 1035 1983 gravissima
1056 1894 1237 1960 testimonia
1257 1894 1300 1959 ita

228 2027 305 2070 ¹sese
329 2002 463 2084 habent,
487 2018 524 2071 ut
548 2005 698 2097 deinceps
721 2005 921 2096 explodenda
945 2005 1016 2071 sint.

283 2115 491 2183 Contendunt
520 2117 578 2183 riri
607 2117 709 2197 docti,
743 2141 880 2209 quorum
906 2116 1035 2207 Pighius
1062 2141 1174 2208 agmen
1196 2118 1300 2199 ducit,

236 2229 372 2296 llabium
404 2241 546 2296 nostrum
577 2242 650 2296 aute
681 2253 800 2296 aunum
831 2235 894 2297 537
925 2230 1071 2296 functum
1098 2254 1165 2297 esse
1194 2232 1299 2322 priore

233 2341 406 2422 dictatura,
430 2343 587 2434 siquidem
604 2344 638 2408 in
654 2344 755 2409 Fastis
773 2343 963 2435 Capitolinis
979 2344 1113 2434 legimus
1130 2366 1203 2410 cnm
1222 2358 1299 2409 tunc

235 2453 335 2519 altera
366 2455 434 2521 rice
465 2455 561 2522 fuisse
587 2455 784 2523 dictatorem.
833 2454 991 2523 Convenit
1017 2478 1091 2522 cum
1118 2454 1180 2521 hoc
1209 2458 1299 2523 testi·

232 2567 342 2632 monio
373 2568 539 2660 inscriptio
566 2568 608 2634 de
638 2591 701 2660 qua
723 2569 820 2635 modo
839 2569 985 2635 vidimus.
1033 2568 1115 2635 Tum
1136 2568 1221 2661 apud
1243 2569 1298 2633 Li-

235 2679 352 2746 ιίιιιιι2
383 2680 438 2745 nbi
465 2681 505 2748 de
530 2681 629 2748 altera
654 2681 849 2749 nobilissima
869 2683 1025 2749 dictatura
1044 2681 1150 2748 dicere
1170 2683 1299 2774 incipit,

234 2793 368 2884 legimus
400 2794 467 2880 »9.
495 2796 612 2861 Fabius
639 2795 794 2862 Maximus
824 2794 960 2862 dictator
986 2796 1119 2875 iterum,
1153 2819 1218 2887 quo
1247 2796 1299 2862 die

230 2907 450 2997 magistratum
471 2907 557 2988 iniit,
581 2920 693 2974 vocato
712 2921 823 2974 senatu
840 2910 880 2974 ab
897 2909 957 2974 diis
974 2931 1063 2975 orsus
1078 2912 1154 2976 est.'’
1200 2909 1301 2976 Deni-

234 3042 299 3109 que
327 3018 471 3086 Valerius
500 3029 513 3068 ³
543 3021 635 3086 nobis
664 3034 848 3088 auctorest
875 3036 1043 3089 occentum
1070 3025 1176 3091 soricis
1197 3023 1298 3089 Fabio

231 3130 369 3198 Maximo
389 3130 602 3212 dictaturam,
617 3131 651 3199 C.
671 3134 830 3200 Flaminio
848 3137 1063 3226 magisterium
1080 3137 1225 3227 equitnm
1240 3136 1298 3202 de·

229 3242 372 3333 ponendi
398 3263 523 3308 causam
551 3243 743 3332 praebuisse.

238 3368 240 3373 '
277 3355 318 3420 At
337 3352 399 3420 hoc
420 3355 569 3421 ultimum
590 3353 779 3421 Plutarchus
800 3368 812 3407 ⁴
834 3369 967 3424 testatur
984 3356 1134 3423 accidisse
1153 3359 1294 3426 Minucio

226 3467 377 3534 dictatori
397 3479 429 3533 et
447 3468 606 3534 Flaminio
618 3469 783 3558 magistr03
804 3468 881 3536 huic
897 3471 1049 3536 maiorem
1062 3471 1157 3537 fidem
1172 3473 1294 3553 tribuo,

225 3579 288 3669 qui
306 3579 387 3645 illud
406 3582 439 3645 iu
461 3579 543 3646 Livii
564 3581 647 3647 libro
668 3581 726 3647 XX
744 3583 901 3649 iuvenisse
917 3583 1057 3663 ridetur,
1076 3584 1132 3649 ubi
1149 3584 1293 3651 Marcelli

218 3693 325 3758 ¹eitam
343 3692 521 3784 descripsit,
539 3693 682 3761 Valerius
699 3707 805 3760 autem
818 3697 911 3762 facile
922 3720 1026 3763 errare
1037 3697 1159 3787 potuit,
1171 3698 1290 3789 quippe

221 3805 286 3894 qui
306 3803 389 3868 dicta
410 3816 442 3870 et
462 3805 545 3871 facta
565 3806 786 3872 memorabilia
808 3808 952 3899 undique
968 3808 1103 3874 collecta
1119 3810 1153 3874 in
1170 3832 1288 3876 norum

227 3914 374 3981 ordinem
395 3916 565 4007 redegerit3
589 3933 657 3985 tum
677 3919 814 3998 accedit,
834 3921 921 4012 quod
938 3921 1101 3987 Haalrhius
1117 3923 1289 3989 rectissime

224 4024 389 4106 observat,
420 4029 550 4096 omnino
575 4056 639 4098 non
666 4031 836 4099 verisimile
862 4056 928 4099 esse
957 4033 1093 4100 Fabium
1127 4034 1186 4100 sibi
1220 4059 1290 4101 rna-

225 4141 359 4231 gistrum
388 4141 519 4232 elegisse
548 4142 759 4225 Flaminium,
792 4169 931 4236 quocum
956 4159 1078 4237 gereret
1098 4147 1289 4217 inimicitias.
1367 4181 1369 4185 ·

212 4253 335 4320 dirius
349 4268 453 4321 autern
472 4278 509 4320 an
524 4278 555 4320 re
571 4280 640 4322 rera
651 4258 808 4350 scripserit
821 4259 955 4325 Fabium
968 4259 1155 4326 dictatorem
1166 4267 1286 4329 iterum

257 4500 382 4569 ¹)xxn.
402 4508 443 4556 ar.
497 4503 517 4574 ι)
536 4506 626 4557 xxrr.
645 4514 668 4557 s.
721 4508 781 4577 ⁵)1.
803 4516 824 4561 1.
843 4516 866 4560 s.
920 4507 940 4577 ι)
961 4511 1038 4561 Mars.
1058 4516 1082 4562 s.
