3212 5294
344 453 405 516 214
694 467 723 512 u.
744 464 847 509 rxsrus
867 462 969 509 uxorea
989 447 1066 530 (47).

347 648 475 714 niouem
500 645 674 712 admodum
697 643 915 735 probabilem,
938 643 972 708 in
993 665 1055 708 uua
1075 652 1166 733 parte
1186 641 1309 707 nummi
1328 641 1415 732 prio-

349 784 398 827 res
427 760 589 853 alphabeti
614 759 735 824 litteras
760 779 850 823 cusas
871 780 952 836 esse,
985 756 1103 847 quibus
1127 755 1258 846 singulis
1285 756 1418 821 ultimae

351 874 564 964 respondeant
584 874 617 937 in
639 894 745 937 aversa
765 882 871 961 parte,
892 871 935 934 ita
954 881 990 934 ut
1008 870 1041 933 in
1059 869 1173 935 eodem
1190 868 1417 947 nummoB·X,

350 986 434 1064 u-S,
459 985 625 1076 legantur3
649 1008 724 1074 ergo
745 983 871 1048 nullum
892 981 1026 1047 dubium
1048 993 1208 1073 superest,
1231 980 1310 1071 quin
1329 981 1419 1046 litte-

349 1123 403 1164 rae
422 1099 500 1164 istae
521 1099 703 1165 monetariis
722 1098 785 1189 siut
805 1096 1043 1187 relinquendae.

396 1211 511 1275 Actum
542 1221 589 1275 est
619 1232 696 1298 ergo
724 1207 764 1273 de
795 1206 857 1273 hoe
889 1218 968 1273 teste
999 1205 1144 1273 Numerii
1164 1206 1256 1272 Fabii
1275 1204 1422 1272 Numerii

348 1323 428 1402 filii3
459 1322 623 1388 rideamus
653 1321 693 1387 de
721 1321 778 1398 iis,
810 1342 893 1410 quae
913 1318 952 1385 ad
973 1317 1163 1386 Numerium
1183 1320 1280 1384 istum
1301 1318 1421 1384 retule-

347 1448 424 1502 runt
456 1437 515 1500 riri
543 1435 647 1500 docti:
681 1433 811 1523 Pighius
843 1433 899 1523 qui
928 1435 957 1497 ei
989 1445 1102 1497 auctor
1129 1432 1308 1508 exstiterat,
1339 1431 1423 1498 bene

348 1549 511 1640 prospexit
541 1572 618 1627 suo,
652 1570 750 1639 quem
779 1546 856 1611 anui
885 1549 951 1612 510
980 1557 1150 1636 quaestura
1179 1544 1329 1608 functum
1355 1565 1423 1611 esse

350 1661 460 1750 ponit,
493 1684 632 1751 eumque
670 1682 755 1726 anno
785 1663 850 1726 563
878 1659 1045 1749 improlem
1077 1682 1095 1724 e
1126 1658 1204 1724 rivis
1235 1656 1423 1736 decessisse,

350 1797 417 1838 nou
435 1772 545 1864 plures
568 1774 654 1838 enim
673 1785 746 1865 post
767 1771 856 1837 hune
876 1794 1042 1837 occurrere
1063 1772 1215 1837 Pictores.
1264 1767 1422 1852 Quaestu-

351 1909 418 1951 ram
446 1887 538 1952 istam
564 1886 676 1975 Pigbio
697 1884 887 1964 reddamus,
911 1884 951 1951 de
970 1883 1116 1974 analogia
1138 1882 1340 1973 suppletam;
1364 1904 1424 1948 555

351 1998 467 2065 melius
500 2021 532 2063 se
561 1997 659 2064 habet
685 2022 770 2064 mors
791 1999 861 2063 eius
881 2020 963 2087 quae
987 1997 1064 2062 falso
1083 1996 1196 2060 nititur
1216 2006 1424 2084 argumento,

352 2111 440 2203 quod
469 2135 586 2202 nempe
611 2135 696 2177 anuo
729 2116 794 2178 563
826 2112 861 2195 Q.
884 2112 1002 2177 Fabius
1026 2111 1131 2177 Piotor
1150 2112 1269 2176 flamen
1289 2108 1423 2199 quidam

350 2235 432 2290 esset
453 2225 661 2314 inauguratus
684 2238 691 2274 ¹
707 2247 716 2304 ;
734 2237 766 2290 at
778 2249 842 2291 non
855 2226 999 2315 sequitur
1009 2223 1083 2289 inde
1094 2224 1192 2289 alium
1204 2222 1341 2289 Fabium
1353 2244 1422 2288 esse

350 2350 531 2417 mortuum,
565 2362 638 2404 nam
662 2339 790 2405 nonnisi
811 2340 870 2404 riri
890 2339 978 2405 docti
999 2337 1172 2403 eredebant
1192 2336 1254 2403 boo
1275 2333 1424 2401 sacerdo-

350 2451 433 2517 tium
453 2452 561 2517 Fabiis
581 2452 677 2517 suisse
696 2452 842 2542 gentile,
854 2475 937 2517 uuus
955 2452 1011 2518 ille
1033 2450 1169 2535 Quintus
1186 2451 1300 2541 procul
1321 2448 1424 2514 dubio

351 2566 471 2629 flamen
491 2565 568 2644 luit,
595 2564 635 2630 de
655 2565 768 2630 ceteris
789 2588 838 2631 res
858 2577 906 2631 est
926 2565 1150 2642 incertissima,
1170 2562 1259 2652 atqui
1277 2561 1424 2628 Numerii

353 2678 443 2742 istius
463 2700 548 2742 mors
567 2677 600 2741 in
619 2700 739 2742 annum
752 2682 817 2743 563
839 2677 952 2743 eodem
969 2679 1038 2743 iure
1050 2689 1147 2742 tracta
1158 2688 1203 2742 est
1214 2725 1221 2753 ,
1233 2698 1424 2765 quaquaes-

354 2801 445 2867 tura,
473 2800 558 2854 totus
589 2789 730 2880 denique
757 2791 816 2856 iste
847 2791 1018 2857 Numerius
1047 2789 1194 2857 Numerii
1226 2788 1312 2853 filius
1342 2789 1425 2854 abii-

355 2902 468 2968 riatur.

398 3014 562 3080 Mosellius
581 3027 703 3094 autem,
724 3041 819 3108 quem
839 3017 947 3106 plures
962 3026 1155 3105 sequuntur,
1174 3014 1213 3079 ad
1232 3013 1422 3083 Numerium

355 3128 493 3194 eundem
514 3129 609 3194 traxit
629 3128 735 3196 locum
760 3130 944 3195 Tullianum
957 3141 986 3207 2,
1011 3130 1054 3193 ita
1075 3140 1111 3192 ut
1131 3127 1267 3194 Graecos
1294 3129 1425 3196 annales

356 3241 530 3332 scripsisset
550 3241 621 3322 ille3
635 3254 668 3307 at
687 3255 805 3334 supxat
827 3242 951 3307 ostendi
967 3240 1157 3307 Numerium
1167 3241 1259 3307 illum
1272 3255 1346 3308 ante
1356 3244 1426 3333 pri-

354 3377 443 3420 mum
463 3354 650 3421 historicum
669 3357 774 3422 rivere
792 3378 858 3420 nou
879 3355 1028 3445 potuisse.
1077 3353 1179 3437 Quam
1201 3354 1425 3424 difficultatem

352 3479 391 3532 ut
412 3467 526 3532 tollant
546 3467 615 3557 riri,
634 3467 737 3547 docti,
766 3478 891 3558 ponunt
921 3466 1021 3531 alium
1041 3464 1212 3554 quemdam
1234 3464 1424 3537 Numerium

355 3580 515 3646 Pictorem
544 3582 713 3661 exstitisse,
737 3581 790 3646 cui
817 3579 955 3646 Graecos
982 3578 1111 3644 annales
1132 3579 1285 3647 tribuant.
1334 3580 1426 3647 flauo

358 3692 543 3783 opinionem
563 3691 713 3781 equidem
733 3715 797 3756 nou
815 3713 944 3781 sequar,
967 3713 1041 3757 nam
1063 3689 1218 3756 Graecum
1243 3692 1325 3757 illud
1345 3717 1425 3785 opus

358 3804 545 3872 historicum
570 3805 690 3889 Quinto
709 3828 764 3870 suo
786 3804 948 3870 redditum
970 3814 1026 3868 est.

403 3916 573 3983 Verissime
591 3917 715 3982 Eckbel
732 3916 957 4007 prouuuoiarit
977 3938 1042 3981 non
1062 3915 1136 3982 satis
1155 3918 1339 4008 expeditum
1357 3945 1424 3989 esse

358 4031 398 4096 ad
420 4052 517 4121 quem
538 4029 672 4095 Fabium
694 4031 852 4096 Pictorem
877 4029 1000 4095 denarii
1016 4028 1065 4093 illi
1083 4031 1279 4120 pertineant3
1303 4033 1424 4102 Nume-

357 4144 441 4208 rium
470 4143 642 4233 quemdam
672 4144 792 4209 Romae
821 4167 875 4209 eos
899 4143 1036 4231 signasse
1057 4143 1124 4232 ipse
1145 4167 1296 4211 nummus
1316 4147 1423 4227 docet,

359 4255 412 4322 sed
426 4255 602 4336 Numeriis,
618 4257 675 4347 qui
685 4256 815 4324 aliunde
828 4257 1055 4337 innotuerunt,
1068 4280 1133 4322 non
1143 4257 1296 4325 vindicari
1305 4274 1422 4353 potest:

387 4422 407 4488 Ι)
424 4423 482 4473 Liv.
492 4422 624 4476 XXXVI·
634 4427 675 4474 47.
717 4421 738 4491 ²)
759 4422 1027 4488 [remoraturam.
1078 4421 1098 4491 ³)
1116 4425 1155 4478 cf.
1171 4425 1232 4493 Cap.
1244 4440 1274 4480 111
1289 4430 1305 4494 ᾖ
1319 4435 1344 4493 3,
1356 4430 1431 4481 huius

350 4509 436 4570 Libri,
454 4524 478 4573 p.
497 4512 554 4558 150.
