3194 5302
239 472 270 515 u.
295 464 397 515 alatus
417 469 445 512 r.
466 470 493 512 r.
515 468 676 515 annonarios
697 454 751 537 (Is).
783 452 856 535 §2
876 471 983 518 consui
1001 458 1041 518 ll.
1063 457 1132 520 274.
1182 460 1219 521 51

196 648 292 714 'lusci
310 647 422 714 saltem
441 646 547 712 statim
568 646 675 737 copias
698 646 841 715 eduxisse
860 649 1031 717 traduntur
1052 663 1084 718 et
1104 653 1136 718 in
1156 675 1219 744 pu·

149 784 241 852 gnam
273 762 436 828 Romanos
464 782 624 839 evocasse,
644 784 662 826 a
687 784 751 852 qua
771 762 884 829 sedulo
904 763 953 829 illi
973 765 1214 845 abstinueruut;

147 874 312 941 metuebat
332 875 419 940 enim
438 872 568 954 Fabius,
586 896 628 939 ne
647 887 851 942 contumaces
869 877 988 943 milites
1008 879 1096 968 agna
1118 879 1216 946 relin-

149 1001 283 1079 querent
310 987 447 1065 seilicet,
475 986 508 1053 id
540 999 586 1053 est
615 1010 679 1053 non
708 988 782 1054 satis
810 1012 920 1056 eorum
947 992 1058 1057 virtuti
1084 990 1214 1058 fidebat.

148 1101 218 1167 Hoc
239 1101 348 1167 Tuscis
364 1099 511 1191 iurgandi
530 1101 677 1192 praebuit
696 1103 875 1183 materiem,
896 1124 957 1168 nec
974 1104 1118 1170 convicia
1140 1103 1217 1171 dee·

147 1227 232 1293 rant,
248 1226 360 1280 contra
370 1214 587 1283 Romanorum
604 1214 727 1281 animus
741 1217 856 1293 orarit,
870 1217 952 1282 siout
963 1216 1074 1282 consul
1085 1238 1216 1309 exspec-

147 1339 280 1405 taverat3
307 1326 414 1393 hostes
442 1349 559 1418 nernpe
582 1339 683 1393 castra
710 1329 845 1419 aggressi
875 1341 967 1407 runt,
996 1341 1028 1395 et
1050 1341 1125 1395 tunc
1145 1342 1217 1420 post

31 1464 33 1470 ⁸
146 1440 322 1531 longiorem
342 1440 382 1505 ad
400 1439 518 1507 milites
537 1440 742 1521 concionem,
762 1454 797 1508 ut
816 1438 970 1530 Dionysio
989 1441 1131 1520 ridetur,
1155 1444 1216 1509 lta·

146 1553 217 1618 bins
236 1574 337 1644 quum
357 1552 499 1619 militum
518 1552 663 1619 ardorem
690 1554 741 1619 rix
761 1555 931 1634 retineret,
960 1554 998 1620 iis
1021 1556 1178 1621 concessit
1201 1567 1211 1602 ¹

144 1688 282 1756 pugnam
302 1666 399 1745 inire,
417 1666 444 1731 si
453 1665 660 1732 iureiurando
679 1688 713 1733 so
732 1666 983 1758 obstringerent,
1003 1668 1130 1733 nonnisi
1147 1670 1214 1734 rie·

146 1790 227 1844 tores
242 1801 276 1844 se
291 1801 328 1844 ex
348 1801 384 1844 ea
400 1799 507 1869 pugna
524 1800 736 1869 regressuros,
750 1778 837 1870 quod
850 1780 967 1870 singuli
978 1781 1213 1871 praestiterunt.

145 1891 237 1957 Hunc
256 1891 354 1982 igitur
374 1891 481 1957 locum
503 1904 704 1982 praepostere
722 1893 856 1984 arripuit
877 1891 981 1958 Pfund
1003 1892 1041 1958 ad
1061 1894 1214 1960 tuendam

145 2002 311 2070 absurdam
328 2003 486 2094 quandam
503 2004 687 2093 opinionem
701 2004 742 2070 de
753 2005 989 2085 coniuratione,
1005 2026 1101 2096 quam
1114 2029 1215 2098 quum

144 2115 303 2184 Serrius²
336 2117 470 2207 opponit
499 2128 712 2198 sacramento,
744 2117 831 2208 quod
859 2116 992 2207 singuli,
1020 2117 1097 2184 dum
1123 2118 1214 2184 illam

145 2251 251 2296 omnes
282 2229 378 2295 simul
397 2239 573 2319 praestent,
598 2227 734 2296 credidit
759 2229 815 2296 ille
840 2229 947 2297 Fabiis
968 2228 1031 2295 hoc
1051 2229 1213 2320 peculiare

27 2340 28 2369 ³
143 2340 360 2408 iusiurandum
387 2341 484 2408 fuisse
511 2353 642 2432 propter
666 2341 768 2408 Serrii
790 2342 885 2408 rerba
909 2354 975 2408 »ut
995 2343 1079 2408 inter
1098 2342 1214 2408 Fabios

27 2484 28 2499 ¹
144 2455 231 2535 luit'’;
253 2478 364 2521 rernm
384 2467 529 2546 spectant
549 2453 605 2520 illa
624 2455 800 2521 tumultum
819 2453 978 2521 Gallicum
999 2467 1032 2520 et
1048 2454 1213 2521 historiam

27 2630 28 2655 3
145 2567 333 2647 Alliensem,
365 2581 476 2634 contra
512 2579 620 2633 nostro
654 2568 728 2634 loco
760 2567 877 2635 diserte
909 2567 1025 2658 singuli
1058 2568 1212 2634 solemnia

27 2662 29 2709 5
145 2682 235 2747 rerba
256 2682 480 2773 pronuntiasse
500 2680 678 2748 traduntur.

187 2795 303 2862 Statim
324 2796 419 2863 armis
436 2796 548 2862 sumtis
566 2796 649 2862 acies
665 2796 709 2860 ita
727 2794 910 2873 instruitur,
926 2806 961 2860 ut
980 2792 1117 2860 Manlius
1136 2795 1213 2861 dex-

143 2922 224 2974 trum
248 2931 350 2975 cornu
368 2920 506 2986 teneret,
529 2907 667 2974 alterum
688 2906 724 2991 Q.
743 2907 859 2972 Fabius
879 2908 1069 2986 consularis,
1099 2910 1154 2999 qui
1176 2925 1212 2976 ut

142 3034 171 3088 et
197 3022 298 3087 frater
325 3021 430 3088 Kaeso
456 3019 582 3098 aderat,
612 3019 688 3086 dum
710 3019 836 3086 Marcus
855 3032 962 3087 noster
985 3020 1110 3087 mediae
1129 3023 1210 3087 aciei

141 3145 294 3224 praeerat.
320 3131 394 3198 Non
410 3133 528 3198 mirum
548 3129 636 3222 quod
653 3131 687 3195 in
707 3130 821 3197 eximia
838 3130 969 3210 rirtute,
989 3152 1071 3221 quae
1085 3131 1119 3195 iu
1138 3156 1209 3196 om·

140 3247 232 3312 nibus
249 3245 547 3338 exsplendeseebat,
559 3266 761 3335 summopere
770 3243 919 3310 enituerit
929 3243 1064 3309 Fabium
1076 3266 1207 3323 nomeu,

140 3359 250 3426 Fabiu
271 3381 376 3450 gens,
399 3369 510 3424 contra
537 3357 636 3423 miror
655 3356 737 3423 Lirii
758 3356 896 3423 editores
918 3356 1089 3446 magistelli
1107 3357 1208 3423 inter-

125 3484 375 3562 pretamentum
402 3470 547 3537 noudum
575 3471 775 3560 expunxisse,
801 3471 826 3535 si
848 3469 933 3535 enim
953 3469 1004 3535 rel
1027 3493 1105 3560 opus
1127 3484 1209 3537 esset

140 3585 341 3678 interpretari
360 3584 439 3675 quid
458 3595 539 3650 esset
563 3583 728 3649 ›rl'abium
748 3585 885 3648 nomen’'
906 3581 1059 3673 explicari
1076 3582 1206 3648 debuis-

139 3709 184 3763 set
202 3721 268 3763 nou
288 3719 358 3787 cap.
378 3704 420 3764 45
441 3718 551 3764 rerum
572 3717 640 3786 cap.
661 3700 719 3773 42,
749 3695 804 3761 ubi
830 3694 878 3761 bis
897 3694 1011 3761 eodem
1032 3717 1125 3760 seusu
1145 3718 1204 3786 pro

141 3810 288 3877 »ratiis’
300 3812 453 3889 occurrit,
472 3809 527 3877 sed
542 3809 629 3876 nude
646 3809 787 3900 positum
805 3807 995 3898 intelligitur
1014 3819 1081 3873 tum
1094 3821 1202 3872 nostro

139 3908 786 4015 mmmmmmm'

184 4038 360 4103 Tuscorum
381 4035 519 4127 phalanx
540 4035 708 4127 superabat
724 4034 885 4100 sinistrum
906 4055 1021 4113 cornu,
1044 4032 1204 4124 fregitque

143 4148 235 4228 illud,
267 4173 332 4240 qua
357 4151 392 4215 in
411 4150 618 4216 contentione
641 4147 677 4233 Ω.
699 4148 815 4214 Fabius
834 4147 983 4239 princeps
1004 4147 1097 4213 nimis
1117 4148 1205 4213 feror

145 4260 198 4327 isit
219 4277 330 4330 contra
357 4263 516 4330 confertos
545 4263 713 4340 Veientes,
736 4262 780 4328 ita
802 4273 837 4327 ut
855 4261 1019 4328 incautum
1039 4278 1112 4328 eum
1132 4260 1206 4327 hos·

173 4502 191 4570 ¹)
206 4507 291 4559 Frons
310 4504 387 4558 Siras.
406 4509 429 4558 1.
451 4513 478 4557 11
501 4509 516 4571 e
536 4514 558 4558 1.
629 4504 649 4574 ²)
667 4504 711 4556 Ad
726 4502 787 4555 Aen.
805 4505 869 4556 VII.
888 4506 1049 4567 ort,V111.
1071 4510 1092 4554 1.

1018 4588 1065 4652 44
