3190 5304
460 447 480 529 ς
505 448 532 509 l.
553 464 745 508 crncrcocrr.
766 446 787 529 5
808 447 838 508 2.
859 462 963 508 nonas.
1187 446 1245 507 tot

174 643 244 708 eius
264 640 521 732 Allobrogicus?
544 664 641 733 quem
660 641 766 708 locum
791 642 928 708 editores
947 640 1116 707 emendare
1135 640 1242 706 conati

175 768 248 822 suut
269 755 485 822 rescribendo:
507 756 635 822 Fabius
656 779 716 847 pro
737 755 864 822 »frater
884 756 979 822 eius.’'

218 867 424 934 Perizonius¹
444 882 550 936 tamen
567 869 681 934 moluit
697 869 879 935 auctoribus
894 870 987 934 istum
1000 867 1139 953 tribuere
1151 890 1239 934 erro·

174 1004 252 1047 rem.
283 982 456 1071 Appiano?
478 981 589 1047 saltem
607 983 743 1048 alterum
763 983 855 1048 illum
879 982 1047 1060 debemus,
1067 1004 1162 1071 quern
1178 981 1243 1046 iam

175 1094 254 1161 olim
275 1094 333 1160 riri
353 1093 440 1159 docti
465 1105 631 1172 notarunt;
656 1096 795 1184 legimus
813 1118 929 1187 nempe
950 1095 1034 1186 apud
1055 1095 1149 1160 illum
1169 1091 1240 1159 Sci·

172 1207 300 1297 pionem
323 1206 536 1273 Aemilianum
558 1208 597 1273 nd
618 1207 738 1274 bellurn
766 1208 1000 1275 Numantinum
1021 1207 1239 1299 proiecturum

173 1334 296 1411 partem
314 1317 485 1410 Copiarum
502 1322 695 1387 commisisse
711 1322 870 1404 ἀδελφιδῷ
884 1322 1044 1396 Bearbaes,
1066 1320 1118 1388 sed
1142 1321 1242 1387 voluit

174 1433 235 1500 sibi
264 1433 301 1517 Q.
322 1434 456 1500 Fabium
485 1433 590 1500 fratris
612 1435 660 1500 sni
689 1434 858 1500 Aemiliani
885 1435 1005 1514 filium,
1038 1435 1093 1524 qui
1114 1457 1152 1500 eo
1172 1434 1240 1524 ipso

175 1568 260 1610 anno
290 1558 436 1635 quaestor
466 1547 543 1625 tuit,
577 1559 612 1613 nt
641 1548 715 1613 satis
743 1547 911 1614 verisimile
936 1548 1042 1638 posuit
1070 1546 1242 1613 Freinshe-

175 1658 259 1725 mius
271 1671 301 1739 3;
319 1656 484 1725 haeremus
495 1660 592 1749 igitur
602 1660 729 1727 nonnisi
747 1662 781 1725 in
801 1661 1006 1751 cognomine,
1026 1660 1111 1751 quod
1124 1660 1165 1726 ab
1180 1660 1240 1725 isto

176 1770 424 1838 abiudicandum
460 1786 523 1852 est,
565 1797 639 1839 narn
675 1773 832 1864 Scipionis
864 1773 962 1838 lrater
1001 1795 1064 1838 non
1093 1796 1111 1837 a
1139 1773 1240 1838 Fabio

90 1928 93 1934 ,
172 1885 317 1951 Buteone
334 1885 388 1950 sed
406 1910 424 1950 a
442 1886 542 1951 Fabio
554 1885 691 1952 Maximo
707 1897 774 1951 erat
787 1887 970 1976 adoptatum
990 1887 1054 1950 iam
1072 1887 1241 1952 intermor-

175 2008 229 2061 tua
251 1996 374 2064 ridetur
398 1998 456 2063 illo
477 2011 621 2088 tempore
642 2000 823 2065 Buteonum
845 1998 974 2063 familia.
1025 1997 1110 2081 Quos
1131 2022 1240 2065 omnes

173 2132 295 2176 errores
309 2122 433 2176 notasse
449 2111 601 2190 sufficiat,
618 2112 650 2176 in
669 2133 806 2202 qnorum
824 2132 932 2176 causas
948 2109 1063 2174 trustra
1083 2110 1241 2199 inquires3

174 2222 313 2313 denique
340 2224 477 2290 Fabium
504 2237 648 2290 nostrum
679 2224 851 2290 Aemiliani
880 2222 976 2288 luisse
1006 2221 1109 2287 filium
1137 2234 1168 2288 et
1193 2224 1239 2288 sic

173 2334 212 2403 L.
243 2336 333 2401 Pauli
363 2351 514 2429 nepotem
535 2361 600 2405 esse
620 2337 758 2415 dictum,
783 2336 877 2401 multi
899 2336 1050 2401 evincunt
1072 2334 1135 2400 loci
1156 2348 1185 2414 ⁴,
1209 2347 1241 2400 et

176 2449 279 2515 obstat
314 2450 473 2541 analogia,
513 2450 685 2542 quominus
718 2472 791 2514 cnm
819 2449 888 2513 aliis
917 2470 992 2513 eum
1027 2446 1239 2514 Aemilianum

175 2585 306 2654 qnoque
326 2563 479 2631 dicamus.

221 2674 407 2766 Cognornen
430 2677 625 2767 Allobrogici
638 2701 694 2744 uos
714 2699 778 2742 nou
801 2687 957 2753 moratur,
974 2698 1010 2741 ex
1032 2674 1180 2752 victoria,
1198 2673 1239 2739 de

173 2812 239 2880 qua
258 2791 363 2856 statim
386 2791 509 2868 dicam,
533 2790 616 2856 illud
637 2792 737 2857 traxit.

584 2975 602 3057 §
627 2976 656 3037 2.
706 2972 833 3039 Mores.

221 3127 463 3195 Nobilissimum
493 3142 636 3195 nostrum
665 3129 802 3194 Fabium
825 3130 907 3194 bene
927 3127 967 3192 de
990 3127 1155 3215 republica
1175 3149 1240 3192 esse

175 3242 325 3307 meritum
351 3255 492 3321 constat,
522 3265 605 3332 quae
625 3255 732 3337 tarpen
753 3242 866 3306 merita
887 3240 981 3328 longe
999 3240 1122 3304 minora
1144 3260 1241 3328 qnam

178 3354 365 3434 Aemiliani,
398 3355 558 3434 Rulliani,
592 3369 646 3420 aut
677 3354 888 3421 cunctatoris.
944 3351 1128 3418 Carnuntur
1154 3351 1241 3417 enim

175 3468 227 3534 rel
244 3468 329 3557 apud
346 3466 405 3532 hos
422 3470 581 3560 principes
594 3493 630 3537 er
641 3467 768 3534 civitate
779 3466 910 3555 vestigia
920 3464 1085 3553 irrepentis
1097 3464 1240 3530 luxuriae

173 3603 213 3646 ex
232 3592 280 3646 tot
299 3581 427 3671 populis
449 3581 597 3663 devictis,
621 3582 711 3647 cuius
732 3580 825 3646 foeda
846 3580 1013 3670 progenies
1033 3578 1119 3641 sario
1141 3576 1237 3641 modo

174 3694 406 3784 rempublicam
435 3695 595 3761 labentem
619 3693 771 3786 perdidit.
824 3691 972 3781 Denique
992 3689 1149 3780 corruptis
1168 3711 1240 3754 mo-

173 3805 265 3871 ribus
293 3805 355 3872 fuit
388 3807 609 3898 Allobrogicus
635 3819 742 3871 noster
764 3820 792 3883 ⁵,
821 3806 853 3870 in
877 3803 1238 3869 adolescentiaornatus

173 3918 307 4008 quidem
337 3932 368 3985 et
396 3922 570 4010 speciosus,
596 3942 704 3986 rerum
726 3918 808 3983 hanc
828 3918 928 4007 ipsam
950 3917 991 3982 ob
1009 3939 1140 3982 causam·
1154 3914 1205 3980 inl
1223 3952 1238 3966 -

173 4032 254 4111 mis3
278 4033 397 4098 bonum
418 4034 538 4099 factum
558 4046 664 4101 tamen
685 4029 771 4123 quod
791 4043 934 4120 ternpore
952 4030 986 4095 iu
1004 4029 1118 4095 melius
1135 4051 1239 4094 mores

170 4146 360 4225 mutaverit,
383 4158 415 4211 et
434 4159 562 4211 strenue
581 4144 814 4236 rempublicam
834 4142 1023 4208 defenderit.

205 4347 225 4412 ¹)
243 4345 370 4397 Animodo.
388 4346 457 4398 Hist.
476 4353 517 4397 62.
579 4344 599 4414 ²)
618 4346 694 4412 Hisp.
713 4351 754 4396 84.
816 4343 836 4411 ⁵)
854 4342 1246 4406 Actio.uvl.aa,1.v11.a.

161 4432 191 4498 ⁴)
208 4433 265 4483 Liv.
284 4434 352 4497 Epit.
369 4433 433 4483 LXI
439 4454 446 4492 ;
464 4432 534 4483 Vell.
548 4431 604 4482 Pas.
620 4433 657 4481 11.
675 4437 720 4492 10,
738 4436 786 4490 39;
803 4430 856 4481 Cic.
869 4427 943 4479 Brut.
962 4433 995 4478 28
1012 4430 1027 4492 ς
1044 4434 1105 4490 107,
1118 4444 1167 4495 pro
1177 4427 1246 4478 liar.

160 4518 380 4580 86§75;Val.
398 4518 471 4568 Max.
489 4516 552 4569 VII.
572 4521 595 4565 5.
617 4517 741 4577 1,vt11.
764 4521 803 4565 15.
822 4521 846 4564 4.
899 4511 919 4581 ⁵}
938 4513 997 4565 vu.
1018 4514 1091 4564 Max.
1109 4515 1158 4566 VI.
1177 4518 1201 4563 9.
1220 4521 1245 4564 4.

1061 4599 1104 4662 26
