3154 5294
348 430 407 492 124
448 446 553 492 aterna
564 445 595 490 rr.
607 447 634 492 a.
646 445 674 488 u.
685 444 713 489 u.
724 424 962 508 anaosrae(20).
982 425 1359 507 §ammoneantur

346 650 414 692 esse
439 626 563 691 eosdem
581 622 767 714 propediem
788 622 876 687 dorni
896 623 1032 689 risurum
1054 621 1204 702 honores,
1226 624 1309 713 ’quos
1327 624 1413 715 apud

345 761 486 805 sororem
508 736 646 814 viderat,
669 735 701 801 id
724 747 771 801 est
792 735 988 801 tribunatum
1006 736 1146 803 militum
1166 737 1326 804 consulari
1347 761 1408 829 po-

347 862 469 918 testate.
514 848 583 916 Nec
609 847 706 917 Fabia
736 849 833 937 moris
861 848 946 941 illius
966 849 1090 914 insueta
1111 872 1178 916 esse
1198 851 1321 941 potuit,
1345 875 1410 917 non

347 965 433 1031 enim
452 963 620 1055 penatibus
645 942 708 1028 suis
734 984 828 1027 sonus
846 962 902 1028 ille
918 973 986 1028 eret
1001 963 1144 1052 ignotus,
1167 964 1324 1054 siquidem
1341 966 1409 1031 eius

345 1089 437 1167 pater
468 1100 553 1142 anno
584 1078 650 1142 373
678 1075 827 1140 tribunus
856 1068 996 1141 militum
1023 1076 1158 1156 fuerat,
1175 1089 1230 1142 eut
1257 1089 1335 1144 tunc
1354 1090 1409 1145 aut

345 1186 431 1279 opud
459 1180 568 1255 'meriti
590 1180 717 1279 ⁵patrem
746 1188 874 1254 lictores
901 1189 1064 1254 audiverat
1083 1189 1262 1279 pulsantes,
1286 1191 1409 1282 opinor.

346 1295 529 1375 absurdum
541 1308 587 1368 est
601 1302 709 1392 itaque
724 1301 853 1371 credere
866 1317 937 1367 eam
951 1301 1033 1367 odore
1045 1304 1154 1368 reticeo
1166 1298 1407 1384 mereraugiensi,

345 1428 379 1481 et
407 1406 538 1483 summo
558 1415 626 1480 iure
650 1406 737 1480 soror
759 1406 946 1493 miraretur,
961 1405 1062 1504 =quod
1082 1406 1118 1479 ea
1138 1414 1178 1479 de
1197 1408 1291 1480 eausa
1312 1436 1407 1507 erpe-

344 1528 454 1594 risset:
499 1527 614 1594 aarum
641 1538 687 1592 est
714 1520 810 1616 igitur
831 1520 872 1592 de
899 1520 1154 1604 causa'terro'ris,
1177 1546 1259 1615 quae
1279 1525 1407 1595 talsaet

343 1642 419 1706 ficta
440 1651 502 1719 est,
526 1662 585 1705 nec
604 1651 651 1705 est
670 1638 761 1704 locus
780 1637 917 1704 incidiae
936 1637 1012 1703 inde
1033 1649 1140 1716 natae,
1164 1634 1238 1705 nam
1256 1662 1321 1705 non
1339 1654 1406 1707 erat

344 1776 402 1818 cur
427 1751 540 1819 sororis
563 1748 653 1818 uxori
672 1752 871 1817 tribunatum
892 1750 1063 1831 invideret,
1087 1750 1126 1816 ad
1148 1751 1285 1818 eundem
1305 1754 1407 1845 magi·

342 1877 477 1933 stratum
497 1858 570 1931 mox
587 1860 730 1930 Licinius
741 1865 935 1956 perveniret,
954 1886 1050 1956 quem
1069 1888 1158 1931 more
1173 1863 1323 1933 'Romano
1344 1879 1407 1933 tot-

343 1979 427 2044 idem
448 1978 576 2045 lictores
603 1979 851 2056 comitarentur,
874 1974 952 2068 quot
977 1975 1173 2068 Sulpicium,
1197 1980 1307 2046 etrel
1331 1982 1405 2071 plu·

343 2114 393 2158 res
412 2092 535 2159 etiamsi
552 2090 679 2182 plebeii*
689 2086 896 2157 sectarentur.

337 2226 339 2233 ’
389 2205 494 2271 Lubet
519 2205 659 2295 denique
685 2188 722 2271 er
745 2204 930 2295 genealogia
948 2228 1067 2271 norum
1088 2218 1310 2296 argumentum
1330 2231 1405 2299 pro-

341 2320 428 2386 ferre
457 2330 567 2385 contra
596 2312 694 2385 iidem
723 2317 819 2384 huius
846 2317 1009 2394 historiae,
1042 2313 1067 2383 si
1095 2319 1146 2384 vel
1179 2343 1218 2385 eo
1242 2328 1323 2411 opus
1348 2335 1403 2388 est.

341 2433 441 2498 Fabio
471 2433 611 2523 aequalis
639 2433 769 2498 luerunt
800 2429 963 2522 Sulpicius
993 2432 1049 2522 qui
1082 2436 1120 2511 4,
1149 2445 1181 2498 et
1208 2431 1243 2499 G.
1262 2433 1403 2500 Licinius

340 2547 398 2638 qui
419 2555 438 2614 5
460 2546 551 2612 annis
570 2561 641 2638 post
661 2569 741 2616 eum,
757 2545 904 2611 tribunus
922 2545 1060 2611 militum
1079 2545 1157 2625 fuit3
1181 2546 1243 2611 iarn
1263 2547 1288 2611 si
1312 2544 1403 2613 Fabii

339 2681 438 2725 unam
455 2660 458 2669 '
475 2656 574 2723 liliam
614 2650 728 2723 Licinii
758 2638 842 2722 filius
871 2657 1011 2737 duxerit,
1045 2681 1108 2723 non
1139 2658 1320 2749 obloquor,¹
1347 2659 1402 2727 sed

341 2771 433 2838 uelde
463 2764 596 2849 dubito,
625 2763 668 2835 an
693 2769 854 2861 Sulpicius
880 2770 1008 2836 duxerit
1028 2770 1160 2837 filiolam
1181 2776 1225 2839 20
1244 2771 1332 2839 annis
1352 2776 1402 2839 iu·

340 2884 482 2963 niorem3
514 2894 569 2948 aut
598 2884 732 2972 impares
761 2885 890 2972 nuptiae
922 2884 1055 2962 fuerint,
1090 2896 1145 2949 aut
1173 2883 1333 2974 Sulpicius
1359 2890 1402 2952 20

339 2998 430 3063 annis
455 2997 582 3063 circiter
605 2988 759 3087 collegae⁴
772 2998 872 3063 Fabio
896 2996 1001 3063 minor
1019 3010 1100 3078 erat;
1125 2997 1172 3067 sin
1191 3022 1265 3065 rere
1284 2998 1323 3064 ad
1344 3000 1401 3064 tri·

337 3110 441 3176 bunos
470 3107 616 3198 patricios
645 3107 725 3173 adeo
754 3109 883 3174 iuvenes
913 3132 961 3174 res
989 3120 1069 3174 esset
1091 3109 1234 3200 delapsa,
1258 3110 1400 3176 historici

333 3221 534 3290 induxissent
557 3222 669 3312 procul
681 3220 783 3286 dubie
803 3213 946 3312 plebeios
965 3232 1150 3312 torquentes
1171 3222 1232 3288 hoc
1253 3222 1400 3289 tribuno·

336 3359 407 3403 rum
437 3333 585 3400 desiderii
611 3334 840 3409 documentum
873 3346 982 3399 eontra
1013 3346 1266 3402 rerum'statum
1296 3335 1399 3427 qualis

336 3461 414 3514 tunc
443 3458 527 3527 erat,
560 3438 656 3537 quem
684 3445 732 3511 illi
764 3445 915 3512 omuibus
938 3446 1060 3512 viribus
1084 3442 1208 3513 mutare
1233 3449 1296 3514 iam
1321 3460 1398 3514 tunc

335 3560 571 3628 annitebantur.
723 3554 725 3561 '

407 3704 409 3714 ι
517 3721 591 3804 §3.
638 3714 803 3785 Mulieres
826 3723 862 3813 in
886 3719 1032 3785 historia
1056 3700 1229 3784 Idomene.¹

377 3901 472 3987 Quod
487 3920 490 3927 ·
503 3912 608 3967 eatan
629 3899 835 3969 bellefortius
855 3900 977 3991 posuit,
1001 3899 1161 3989 permulta
1185 3897 1396 3965 muliebribus

332 4017 448 4084 debere
476 4013 708 4105 rempublicam
742 4003 939 4095 Rornauein,
963 4013 1063 4078 tribus
1094 4025 1219 4078 tantum
1248 4012 1396 4103 probarit

330 4128 498 4220 exemplis,
519 4127 635 4219 quibus
651 4128 713 4192 iam
733 4128 825 4216 plura
842 4122 945 4193 habeo
964 4124 1201 4217 subiungenda,
1221 4147 1304 4215 quae
1319 4149 1395 4215 pro·

330 4242 440 4308 tulisse
459 4263 523 4307 non
543 4239 736 4332 poenitebit,
762 4263 833 4307 nam
855 4239 942 4333 quod
962 4240 994 4306 in
1016 4241 1146 4306 summis
1163 4232 1268 4305 rerum
1288 4252 1396 4305 muta·

330 4352 469 4421 tionibus
481 4351 649 4419 mulierum
661 4363 765 4443 partes
777 4364 884 4420 tentae
894 4353 1027 4434 fuerint,
1047 4354 1119 4420 setis
1131 4351 1247 4418 mirum
1259 4352 1394 4433 ridetur,

329 4480 360 4533 et
383 4480 490 4537 moret
515 4467 701 4557 suspicionis
727 4465 883 4535 nonnihil.
