3212 5294
484 448 505 531 ς
526 451 555 514 3.
576 467 722 512 urarsren
743 465 874 521 nourruu
897 449 966 513 429.
1198 456 1259 519 239

189 669 301 726 mano,
325 646 463 713 donatur
481 646 670 713 tribuniciae
692 649 873 739 potestati”‚
896 648 950 716 sed
970 649 1014 715 ita
1034 662 1196 728 contorta,
1219 663 1255 717 ut

187 783 330 852 perversa
355 759 430 826 iude
453 772 601 827 nascatur
623 784 729 827 rerum
754 761 936 852 descriptio.

232 874 359 940 Dimisit
388 874 531 965 Papirius
554 874 709 954 Fabium,
733 874 820 965 quod
841 875 1015 966 exspectari
1035 887 1175 967 poterat,
1200 901 1254 944 re·

189 988 316 1080 ruitque
331 1010 404 1055 eum
420 989 596 1080 quidquam
613 1010 706 1078 agere
724 1011 783 1078 pro
803 989 995 1078 magistratu.
1019 989 1135 1057 Utrum
1155 991 1255 1057 alium

188 1100 301 1167 dixerit
321 1102 508 1191 magistrum
530 1101 708 1194 disputant,
733 1102 876 1192 quaestio
898 1113 944 1169 est
965 1103 1068 1181 euim,
1092 1114 1201 1170 utrum
1221 1105 1256 1170 in

187 1215 259 1280 luco
287 1213 451 1281 Liriauo¹
485 1214 581 1282 rerba
609 1213 788 1303 »magistro
817 1215 982 1305 equitum'’
1010 1216 1189 1305 pertineant
1215 1216 1256 1284 ad

185 1327 381 1419 praecedens
411 1327 620 1419 »praeposito
646 1328 678 1393 in
700 1327 778 1394 urbe
803 1327 841 1394 L
863 1328 986 1419 Papirio
1006 1327 1136 1396 Crasso”
1156 1354 1196 1397 au
1216 1330 1257 1399 ed

185 1464 320 1534 sequena
341 1441 408 1526 »Q.
426 1441 526 1506 Fabio
542 1441 641 1507 vetito
660 1441 837 1533 quidquam
857 1465 916 1532 pro
931 1442 1117 1532 magistratu
1137 1447 1257 1534 aqere'’

186 1555 266 1622 Rern
287 1554 437 1646 equidem
457 1577 522 1621 non
542 1553 705 1634 dirimam,
729 1554 783 1621 sed
804 1555 949 1647 suspicer
967 1556 1066 1634 illud,
1089 1557 1176 1647 quod
1196 1580 1258 1624 uo·

184 1689 242 1734 rus
273 1669 307 1733 iu
337 1667 407 1734 eius
437 1667 545 1733 locum
575 1679 698 1734 creatus
726 1668 841 1746 fuerit,
872 1668 1014 1736 indicare
1034 1669 1170 1736 Fabium
1190 1693 1258 1739 ease

185 1781 351 1847 dimissum
372 1804 389 1845 a
405 1780 582 1859 dictatore,
605 1793 637 1846 et
656 1781 699 1846 ob
716 1779 799 1846 hauc
814 1804 940 1849 causam
961 1782 1150 1864 liberatum,
1168 1785 1257 1875 quod

185 1919 251 1960 nou
270 1895 409 1985 amplius
430 1894 489 1959 sub
508 1893 634 1986 Papirio
653 1904 750 1974 esset,
774 1893 827 1961 sed
846 1896 987 1986 privatus
1010 1897 1129 1963 Romae
1145 1920 1258 1965 maue-

186 2019 253 2087 ret,
270 2009 410 2074 siceuim
424 2006 517 2073 rerba
536 2008 665 2073 »vetito
676 2007 852 2098 quidquam
865 2032 924 2100 pro
944 2009 1128 2098 magistratu
1148 2013 1258 2100 agerc''

184 2120 371 2212 accipienda
394 2121 551 2187 ridentur.

232 2231 267 2299 Si
286 2236 389 2300 famae
409 2234 526 2312 credis,
550 2234 633 2298 forte
653 2234 777 2324 saepius
796 2232 928 2313 accidit,
946 2246 983 2299 ut
1003 2235 1258 2325 quotiescunque

185 2347 325 2414 dictatur
343 2347 469 2425 aberat,
493 2346 598 2413 hostes
620 2346 653 2411 in
672 2345 803 2413 Samnio
825 2359 1044 2425 morerentur,
1071 2347 1124 2413 sed
1145 2346 1259 2413 maluit

186 2461 231 2526 lt.
251 2461 395 2526 Valerius
415 2460 537 2551 legatus
556 2481 678 2525 memor
698 2457 836 2550 ere'mpli
854 2459 997 2525 Rulliani
1013 2460 1262 2527 frumentatores

187 2597 260 2641 suos
273 2573 362 2640 caedi
375 2573 477 2640 sinere
488 2596 584 2665 quam
604 2573 642 2638 iis
658 2571 827 2640 subvenire
845 2586 956 2639 eontra
974 2572 1137 2640 dictatoris
1155 2573 1260 2663 impe-

186 2688 290 2768 riuru3
311 2686 365 2753 sed
386 2688 456 2778 quis
477 2710 542 2752 uuu
565 2686 650 2753 ridet
670 2685 750 2752 haec
765 2689 900 2778 repetita
916 2710 984 2755 esse
1002 2699 1035 2753 et
1055 2686 1202 2778 suppleta
1222 2710 1260 2752 er

189 2800 251 2866 hae
274 2800 407 2867 historia
430 2800 596 2867 Rulliani?

234 2912 307 2980 Nou
328 2913 505 3004 poenitebit
526 2912 588 2980 hoc
607 2913 681 2979 loco
697 2913 863 2980 inseruisse
884 2914 1015 2981 titulum
1036 2926 1067 2994 ²,
1090 2914 1147 3004 qui
1167 2911 1258 2979 Fabii

190 3026 409 3115 magistratum
433 3026 578 3116 equitum
605 3036 750 3090 testatur:

508 3171 615 3219 Bruto
638 3170 823 3220 sruulrlurt

513 3279 582 3325 CUM
606 3276 748 3326 tusrlcll
772 3277 855 3323 {tltl’u

511 3383 611 3430 tuum
636 3382 765 3430 GAUSSA.
793 3382 909 3431 notun

510 3488 674 3537 ltumsstr.
698 3488 806 3548 HQUB
829 3488 906 3536 lm

512 3595 583 3641 Ilffl.
606 3594 636 3654 Q.
658 3593 776 3642 ramus
800 3594 971 3643 AHBUSTUS

513 3700 673 3749 MAXIMUS.
698 3700 864 3748 atamsrult

510 3807 669 3869 uuunder.
692 3806 819 3854 lulussu

512 3913 585 3961 ulus
609 3912 759 3961 Peenno.
784 3911 846 3959 0οΝ

514 4017 681 4066 rulxrsstt
695 4046 839 4068 ········

241 4132 359 4196 Romae
379 4141 479 4195 exstat
504 4128 717 4219 fragmentum
739 4126 825 4193 istud
844 4150 960 4218 parrae
981 4126 1135 4208 tabellae,
1159 4128 1264 4198 littera

197 4247 316 4335 optima
342 4257 439 4334 atque
462 4243 593 4332 antiqua
615 4241 818 4333 inscriptum,
851 4240 1027 4308 secuudum
1045 4264 1116 4325 cos,
1139 4243 1196 4334 qui
1216 4243 1264 4310 la-

225 4432 245 4499 1)
263 4434 340 4485 VIII.
359 4437 401 4484 36.
465 4431 487 4500 ²)
503 4432 577 4484 Gri‘rt
600 4429 672 4499 Oorp.
690 4429 769 4483 Inscr.
788 4428 845 4481 Lot.
864 4430 1124 4497 p.ccxcv111‚n.
1144 4441 1173 4493 t;
1192 4433 1271 4487 Orell.

190 4515 270 4570 Inrer.
288 4514 345 4568 Lot.
363 4514 413 4568 set
432 4536 458 4569 n.
477 4522 536 4571 540.
