3210 5300
344 435 404 497 352
486 455 513 504 a.
535 451 637 496 rssros
658 455 686 503 o.
707 452 735 494 r.
756 452 785 502 o.
805 449 834 492 rr.
857 446 987 491 usrruus
1007 444 1176 492 cuucrarou
1195 426 1271 511 (33).

347 664 350 671 ’
394 630 508 697 Afferri
537 631 616 696 solet
643 652 702 720 pro
732 628 907 695 Goltzianis
935 627 1091 705 nummis,
1123 649 1165 692 ue
1194 648 1303 691 omnes
1332 625 1410 691 istos

347 744 552 822 abiiciamus,
575 741 748 809 nonnullos
765 753 876 833 postea
894 753 1034 832 repertos
1052 763 1133 820 esse,
1156 739 1246 830 atqui
1263 761 1317 804 ees
1337 761 1407 803 sus-

346 870 456 948 pectos
486 879 552 923 esse
580 855 718 922 desiisse.
766 856 868 921 Huius
886 855 933 920 rei
952 855 984 919 iu
1005 866 1130 920 nostrae
1149 854 1251 944 gentis
1270 852 1405 919 denariis

345 969 500 1037 habemus
520 970 718 1061 exemplum,
742 967 830 1059 quod
848 980 970 1047 tamea,
995 979 1031 1033 ut
1052 968 1157 1033 omnia
1176 967 1265 1033 istius
1284 966 1408 1056 generis

347 1083 481 1174 opinor,
503 1083 547 1148 ita
568 1083 780 1172 compositum
799 1091 865 1161 θεῖ,
884 1093 920 1147 nt
939 1081 1128 1147 sententiam
1148 1078 1189 1145 de
1208 1079 1320 1171 spuriis
1336 1079 1404 1145 istis

345 1219 411 1263 non
448 1194 633 1261 mutandam
667 1217 734 1262 esse
761 1193 959 1285 perhibeam.
1017 1192 1158 1259 Goltzius
1187 1215 1303 1283 nempe
1333 1214 1406 1258 suos

346 1309 497 1377 conflavit
526 1332 565 1374 er
592 1309 661 1375 aliis
687 1308 826 1374 nummis
854 1307 915 1372 alia
944 1305 1144 1385 subfuratus,
1174 1307 1219 1372 sic
1243 1307 1406 1384 triremes,

345 1433 443 1500 rates,
473 1421 595 1487 Romae
620 1433 717 1512 caput
736 1420 937 1510 aliorumque
957 1419 1065 1484 nescio
1084 1429 1177 1510 quot,
1201 1419 1297 1485 lacile
1315 1419 1411 1485 inve-1

345 1535 409 1600 niri
434 1545 583 1625 poterant
607 1534 641 1598 iu
662 1533 828 1624 genuinis,
850 1531 907 1598 sed
927 1532 1048 1598 litteras
1068 1532 1112 1597 ita
1129 1529 1253 1597 addidit
1270 1532 1344 1611 ille,
1368 1542 1405 1596 ut

346 1647 442 1738 vulgo
460 1670 493 1713 se
510 1669 657 1738 peccasse
677 1647 831 1726 fateatur3
855 1645 881 1710 si
898 1645 960 1710 iam
984 1667 1066 1710 unus
1086 1645 1137 1710 vel
1158 1645 1239 1711 alter
1256 1667 1407 1711 nummus

343 1772 455 1853 postea
474 1760 639 1839 effoditur,
662 1759 757 1825 facile
772 1770 877 1849 potest
894 1758 1038 1825 accidere
1056 1781 1128 1825 eum
1145 1758 1314 1823 convenire
1331 1779 1404 1824 cum

346 1895 412 1939 uno
430 1873 572 1940 alterove
590 1895 608 1938 e
627 1873 759 1963 spuriis,
784 1872 838 1939 sed
858 1873 925 1938 noli
949 1871 1023 1938 inde
1042 1871 1193 1961 colligere
1211 1871 1275 1937 lide
1292 1870 1406 1962 dignos

345 2009 417 2054 esse·
432 2010 499 2066 eos,
523 2009 603 2077 qnos
623 1986 767 2053 Goltzius
788 2010 826 2053 er
845 1986 973 2075 ingenio
993 1986 1152 2052 conflavit.

390 2097 492 2186 Supra
519 2105 529 2144 ¹
560 2095 657 2162 fidem
682 2096 835 2188 denegavi
854 2095 985 2162 denario
1007 2097 1175 2174 Buteonis,
1199 2098 1232 2161 in
1251 2119 1313 2188 qua
1332 2121 1409 2164 seu-

344 2211 443 2278 tentia
462 2230 644 2300 persevero,
663 2210 785 2276 etiamsi
803 2209 914 2276 Riccio
934 2222 1042 2302 postca
1062 2210 1221 2301 evulgavit
1237 2210 1403 2278 denarium

344 2323 397 2389 isti
424 2321 641 2400 simillimum,
673 2321 761 2411 qued
787 2321 828 2387 ad
853 2333 962 2412 typum
986 2321 1117 2401 attinet,
1139 2344 1202 2386 non
1224 2345 1297 2388 vero
1317 2325 1403 2414 quod

343 2432 385 2498 ad
421 2434 561 2515 litteras,
599 2434 659 2499 iste
689 2435 773 2500 enim
803 2458 821 2500 a
855 2434 998 2500 Buteone
1028 2434 1158 2500 omnino
1187 2457 1271 2515 non,
1302 2435 1355 2502 hic
1384 2462 1402 2503 a

344 2545 481 2613 Maximo
499 2547 606 2612 nescio
624 2569 689 2637 quo
711 2569 747 2612 re
768 2569 840 2613 vera
860 2568 953 2612 cusus
974 2558 1034 2613 est.
1081 2546 1188 2637 Typus
1207 2547 1262 2613 ille
1281 2550 1407 2641 saepius

344 2660 483 2725 occurrit
512 2671 545 2725 et
573 2670 721 2750 pervetus
750 2671 812 2739 est,
845 2658 919 2725 hinc
941 2658 1048 2725 lubuit
1067 2659 1107 2724 ad
1131 2659 1340 2727 Verrucosum
1363 2661 1405 2727 de

343 2794 382 2836 eo
412 2772 591 2862 disputare,
624 2771 748 2837 etiamsi
777 2772 879 2839 fateor
903 2773 1061 2838 incertum
1083 2795 1152 2838 esse
1175 2797 1193 2838 a
1217 2796 1357 2864 quonam
1384 2798 1409 2840 e.

342 2884 488 2950 Maximis
510 2884 650 2974 signatus
673 2884 724 2951 sit.

349 3022 352 3029 ¹
389 2995 481 3063 v12.
515 2996 619 3088 Caput
642 2998 721 3064 Iovis
745 2998 933 3068 laureatum.

387 3109 502 3200 Figura
529 3111 674 3177 militaris
689 3112 786 3179 'stans
816 3113 928 3179 habitu
952 3113 1130 3191 succincto,
1153 3125 1237 3179 retro
1257 3125 1405 3195 scutum,

342 3224 430 3290 laeva
452 3222 573 3291 hastam
603 3237 732 3305 tenens,
765 3225 873 3294 dextra
902 3238 1060 3318 pateram,
1089 3227 1148 3292 sub
1174 3216 1401 3318 qua‘Quintus

340 3337 501 3418 FABius,
525 3339 584 3404 suh
614 3339 732 3431 quibus
757 3340 871 3406 litteris
891 3364 956 3406 nou
978 3342 1215 3430 monogramma
1235 3361 1256 3406 a
1279 3341 1312 3405 in
1346 3341 1402 3409 lit·

340 3463 407 3517 tera
431 3462 460 3516 Π
482 3452 615 3542 scripta,
639 3476 748 3520 verum
768 3454 892 3520 litterae
911 3474 932 3520 a
951 3466 984 3520 et
1004 3473 1025 3519 x
1043 3455 1076 3519 in
1096 3455 1201 3520 littera
1222 3462 1274 3532 M,
1297 3454 1340 3518 ita
1362 3466 1402 3519 ut

341 3563 453 3654 procul
475 3565 545 3631 ullo
562 3564 662 3632 dubio
680 3565 877 3633 MAXimus
897 3566 1103 3657 intelligatur.

346 3708 349 3715 ·
386 3675 539 3743 Conlecit.
559 3678 621 3744 hoc
646 3679 817 3746 rectissime
840 3678 981 3745 Bouhier
1001 3689 1031 3758 ³,
1054 3680 1144 3771 atqui
1166 3691 1271 3746 actum
1294 3692 1340 3745 est
1358 3680 1402 3746 de

338 3816 433 3886 prava
445 3790 609 3858 Vaillantii
630 3793 796 3883 opinione,
820 3793 873 3883 qui
894 3806 1025 3884 propter
1042 3792 1144 3858 simile
1161 3816 1400 3884 monogramma

337 3908 370 3973 in
401 3906 632 3972 Panormitanis
662 3928 793 3997 quoque
811 3907 950 3972 nummis
971 3905 1119 3985 obvium,
1139 3919 1288 3996 posuerat
1310 3907 1400 3974 huuc

338 4036 405 4087 esse
427 4020 587 4111 signatum
608 4043 625 4084 a
649 4018 684 4103 Q.
701 4019 801 4085 Fabio
819 4019 956 4085 Maximo
973 4019 1149 4086 Serviliana
1165 4022 1235 4108 (49)
1252 4031 1399 4110 praetore

337 4132 480 4214 Siciliae,
500 4134 670 4199 miscuerat
688 4145 795 4199 autem
811 4133 905 4199 illum
920 4154 993 4199 cum
1010 4132 1107 4199 fratre
1121 4132 1271 4224 adoptivo
1289 4132 1404 4200 lemi-

339 4430 345 4441 ¹
362 4405 384 4471 ¹)
401 4407 442 4459 cf.
459 4408 516 4458 Lib.
533 4409 583 4460 VI.
601 4406 662 4473 Cep.
679 4421 708 4459 1v
724 4408 737 4474 t
760 4415 785 4469 3,
809 4424 833 4474 p.
852 4411 911 4460 226.
980 4406 1001 4476 ²)
1019 4410 1098 4467 Vaill.
1119 4411 1168 4463 N⁰.
1195 4415 1240 4471 ¹53
1262 4409 1327 4460 Mor.
1352 4409 1407 4463 1v.

329 4489 350 4560 ⁵)
368 4489 446 4544 aaa
465 4491 489 4543 a.
509 4490 622 4560 rumpi.
640 4492 711 4558 xiv,
732 4497 811 4556 raso,
829 4499 975 4546 aso-soa.
