3154 5294
291 437 566 519 rantraunusrrffl,
582 437 707 519 10,11).
728 437 1042 519 §bormrrcnosruu
1054 439 1123 501 363.
1212 439 1251 501 85

176 654 252 722 prae
272 633 385 699 ceteris
404 633 594 699 excellentes
612 643 800 711 cernuntur,
816 635 1002 723 praesertim
1023 657 1123 724 quum
1141 634 1241 719 Quin·

171 759 220 811 tus
241 757 328 811 extra
349 746 450 811 aciem
473 758 601 812 erectus
628 768 728 812 unum
749 769 786 811 er
808 747 974 814 Gallorum
997 747 1133 814 ducibus
1155 747 1241 814 occi·

168 858 265 924 disset
285 871 318 924 et
339 859 512 948 spoliasset.

216 970 301 1037 Galli
329 973 500 1062 aegerrime
521 973 583 1039 boc
605 974 762 1052 tulerunt,
798 975 978 1040 contraius
1000 975 1142 1065 gentium
1162 975 1239 1040 istos

169 1105 325 1173 pugnasse
357 1086 576 1166 criminantes;
605 1087 699 1152 missa
732 1086 859 1152 Etruria
889 1110 961 1177 pars
991 1110 1101 1153 eorum
1133 1089 1240 1154 statiin

169 1197 305 1262 Romam
335 1209 444 1288 petere
474 1199 626 1290 cupiebat
653 1198 692 1264 ad
724 1197 814 1266 ducis
835 1212 973 1266 mortem
1002 1201 1236 1280 ulciscendam,

169 1309 222 1375 sed
243 1310 387 1376 vicerunt
408 1312 560 1390 seniores,
585 1325 620 1377 ut
640 1311 738 1401 legati
757 1311 960 1378 mitterentur
980 1324 1128 1402 questum
1150 1314 1236 1378 iniu-

167 1423 227 1488 rias
255 1424 533 1516 postnlatumque,
562 1438 597 1492 ut
625 1448 683 1516 pro
710 1425 778 1491 iure
797 1424 941 1515 gentium
961 1424 1079 1490 riolato
1102 1425 1237 1493 Fabium

168 1557 266 1600 unum
286 1534 381 1601 illum
400 1536 574 1615 dederent,
600 1548 654 1601 aut
677 1547 738 1601 tres
757 1535 849 1617 illos,
879 1534 1055 1600 secundum
1082 1535 1236 1605 Zonarnm

165 1659 198 1713 et
226 1647 433 1736 Dionysium,
473 1649 558 1739 apud
595 1647 681 1714 hunc
715 1650 799 1714 enim
839 1671 898 1738 pro
929 1648 1056 1713 Κόϊντον
1088 1650 1141 1714 uxi
1174 1653 1235 1717 riv

165 1763 345 1845 ἀδελφὸν
377 1765 473 1828 αὐτοῦ
506 1763 645 1834 ἐκδότους
675 1762 878 1843 παραδιδόναι
907 1760 1079 1851 legendum
1112 1764 1237 1831 ridetur

164 1876 247 1946 τοὺς
272 1875 484 1958 ἀδελφούς.

208 1986 320 2077 Legati
339 1987 474 2053 Romam
495 1987 626 2052 veniunt
646 1998 678 2053 et
700 1988 733 2051 in
756 1998 865 2053 senatu
886 2001 1051 2079 exponunt
1070 1990 1234 2070 mandata,

164 2100 215 2163 cui
235 2099 362 2165 barbari
383 2101 431 2165 ius
451 2121 544 2165 suum
560 2098 721 2189 postulare
742 2098 910 2180 ridentur,
934 2101 1021 2191 quod
1041 2104 1072 2167 iu
1090 2104 1235 2193 patribus

164 2212 271 2278 mirari
302 2212 376 2278 satis
407 2236 472 2279 uon
503 2234 649 2302 possum;
681 2233 742 2277 nec
768 2235 843 2278 reru
863 2212 982 2279 audent
1003 2212 1174 2281 decernere
1195 2217 1235 2284 de

164 2324 253 2390 Fabii
266 2324 445 2404 deditione,
461 2324 636 2416 prudenter
652 2347 824 2414 sanequam
842 2350 864 2391 ›>
874 2349 914 2392 uc
930 2348 1027 2416 penes
1043 2326 1128 2418 ipsos
1139 2330 1232 2421 culpo

162 2449 242 2505 esset
261 2437 362 2504 cladis
390 2439 473 2504 forte
496 2436 618 2503 Gallico
639 2437 728 2502 bello
748 2441 935 2528 acceptae;'’
959 2439 1056 2530 igitur
1071 2440 1110 2505 ad
1127 2465 1234 2533 popu-

163 2551 228 2618 lum
258 2552 408 2618 reiiciunt
436 2550 654 2641 cognitionem
685 2549 725 2614 de
752 2550 920 2640 postulatis
951 2552 1126 2620 Gallorum.
1174 2554 1234 2622 Se·

161 2664 303 2730 cundum
329 2663 507 2729 Diodorum
533 2662 656 2729 senatui
680 2685 865 2753 persuasum
894 2676 961 2730 erat
985 2662 1157 2756 deliquisse
1185 2666 1233 2733 le-

161 2789 263 2868 gatos,
293 2787 327 2843 et
364 2789 496 2843 conatus
531 2788 579 2842 est
610 2775 708 2841 Gallis
731 2777 887 2866 pecuniae
906 2800 1062 2844 summam
1084 2803 1143 2870 pro
1164 2780 1232 2848 iure

160 2913 215 2956 suo
243 2890 371 2968 offerre,
403 2887 458 2955 sed
487 2888 618 2968 frustra,
646 2889 822 2980 poscebant
851 2903 886 2958 ut
906 2892 1093 2959 traderetur.
1141 2893 1233 2960 Tunc

160 3015 249 3092 pater
269 3002 308 3067 ad
328 3001 486 3093 populum
506 3003 708 3093 provocarit,
724 3025 764 3067 ne
780 3015 884 3068 ratum
903 3005 994 3070 fieret
1012 3018 1138 3072 senatus
1152 3028 1230 3074 con·

159 3117 294 3193 mltum,
318 3116 404 3206 quod
426 3127 504 3180 tunc
522 3115 660 3206 primum
681 3114 833 3181 accidisse
852 3116 961 3183 fertur.

202 3228 327 3319 Populo
364 3226 501 3318 placuit,
547 3251 611 3293 non
648 3227 715 3293 sine
759 3228 930 3294 Fabiorum
973 3230 1156 3321 largitione,
1192 3245 1228 3298 ut

159 3341 350 3433 quibusdam
372 3341 513 3420 videtur,
534 3341 574 3407 de
586 3363 724 3431 quorum
746 3364 848 3431 poena
866 3343 1027 3434 agebatur,
1044 3366 1152 3411 creare
1171 3347 1228 3410 tri·

157 3456 257 3523 bunos
275 3455 417 3521 militum
440 3456 473 3520 iu
494 3456 716 3546 insequentem
736 3477 866 3521 anuum.
913 3455 1023 3521 Potest
1047 3471 1154 3525 autem
1176 3482 1227 3525 re·

156 3570 225 3659 spni
244 3569 345 3648 fama,
363 3592 460 3659 quam
479 3569 592 3635 Florus
606 3580 638 3635 et
650 3565 780 3634 Orosius
796 3566 934 3651 addunt,
953 3570 1117 3636 consulem
1136 3594 1225 3638 crea-

156 3693 221 3746 tum
255 3704 322 3748 osse
354 3681 526 3766 Quintum,
549 3680 613 3746 illis
638 3679 724 3746 enim
750 3680 949 3770 temporibus
974 3680 1097 3746 tribuni
1115 3683 1224 3775 reipu-

157 3793 258 3861 blicae
287 3807 461 3886 praeerant.
508 3792 595 3859 llaec
619 3791 763 3858 historici
784 3792 1000 3872 tradiderunt,
1024 3793 1223 3883 inquiramus

158 3931 313 3997 quaenam
332 3908 372 3973 ab
392 3906 585 3973 ornamentis
603 3905 726 3996 possint
745 3906 875 3971 secerni.

199 4021 330 4088 Liviana
341 4021 425 4086 fama
446 4033 556 4111 postea
576 4019 692 4109 scripta
711 4031 743 4083 et
763 4019 940 4109 excogitata
962 4033 1111 4111 apparet,
1134 4024 1222 4112 quod

157 4134 238 4209 missi
255 4145 360 4199 essent
375 4134 484 4224 legati,
507 4134 563 4224 qui
583 4143 710 4198 senatus
730 4133 910 4223 populique
931 4131 1069 4198 Romani
1090 4136 1220 4203 nomine

158 4259 281 4335 agerent
297 4268 371 4311 cum
389 4246 502 4324 Gallis,
525 4268 566 4310 ne
590 4245 744 4336 aquibus
766 4246 887 4311 nullam
908 4245 1057 4311 iniuriam
1077 4251 1219 4339 accepis·

157 4371 238 4444 sent,
273 4359 378 4424 socios.
395 4356 510 4450 populi
537 4358 674 4424 Romani
705 4370 802 4448 atque
830 4358 948 4424 amicos
978 4373 1219 4449 oppugnarent3

157 4469 223 4537 ride
255 4494 351 4562 quam
385 4495 417 4538 se
449 4493 541 4536 reum
572 4472 764 4537 confiteatur
786 4470 894 4536 Livius
923 4471 1062 4537 diversos
1093 4484 1219 4538 secutus
