3210 5300
321 442 381 505 308
463 460 490 510 a.
512 457 615 502 riorus
637 458 665 507 o.
685 457 713 500 r.
735 456 763 506 o.
783 455 812 500 a.
833 455 963 500 urxrnus
983 454 1152 499 euncrrron
1173 437 1248 519 (33).

332 637 456 711 νώδους,
480 635 568 702 unde
586 635 720 701 editores
738 635 875 724 primum
892 633 1092 698 consulatum
1109 633 1173 698 sire
1189 653 1309 697 anuum
1323 633 1392 697 521·

335 749 564 838 intelligebant.
611 750 716 817 Minus
736 760 835 827 recte,
859 748 893 812 ni
913 747 1022 826 fallor3
1048 746 1155 812 Gallos
1175 746 1258 812 bene
1276 745 1394 810 multos

336 885 354 928 e
373 861 543 952 Liguribus
562 862 703 952 captivos
722 861 888 939 tenebant,
910 883 973 924 non
992 858 1164 950 obloquor,
1184 882 1292 925 rerum
1310 856 1394 923 unde

337 974 497 1041 habebant
517 976 679 1042 Graecos?
697 974 836 1065 denique
856 973 964 1038 nullus
987 972 1179 1038 Graecorum
1198 984 1301 1038 metus
1319 982 1396 1037 erat.

338 1086 425 1170 Quae
446 1111 545 1179 quum
564 1089 608 1153 ita
629 1088 706 1166 sint,
727 1086 878 1176 equidem
897 1084 1070 1177 secundum
1088 1085 1179 1150 Fabii
1194 1085 1395 1150 consulatum

265 1188 267 1193 ⁴
336 1200 496 1290 intelligo,
530 1224 604 1266 nam
637 1212 714 1265 tunc
745 1210 870 1289 praeter
898 1198 1029 1288 Ligures
1060 1197 1163 1285 Illyrii
1192 1196 1273 1264 bene
1299 1197 1394 1262 multi

337 1312 375 1376 ad
404 1336 535 1380 manum
564 1324 669 1392 erant3
692 1323 801 1377 contra
821 1312 897 1376 istos
918 1311 1054 1376 Graecos
1072 1333 1157 1376 anno
1174 1323 1249 1376 ante
1270 1321 1396 1376 strenua

337 1435 568 1514 pugnaverant,
600 1423 643 1487 ita
672 1422 760 1486 utin
784 1420 845 1486 hoc
866 1433 990 1510 tempus
1009 1419 1103 1486 eadat
1120 1433 1245 1502 metus,
1265 1421 1395 1486 oraculo

336 1558 378 1602 ne
407 1536 581 1601 satisfieret.
638 1534 730 1600 Hauc
756 1557 860 1599 meam
887 1534 1076 1598 sententiam
1107 1546 1237 1599 tuentur
1268 1534 1395 1600 Orosius

336 1663 368 1715 et
396 1649 530 1714 Zonaras
555 1661 582 1727 ¹3
615 1646 667 1711 hic
692 1647 778 1713 enim
804 1647 966 1711 consulem
989 1645 1118 1737 quidem
1141 1670 1205 1713 non
1226 1659 1395 1724 memorat,

336 1761 395 1827 sub
421 1782 485 1849 quo
512 1758 643 1836 accidit,
666 1771 702 1824 ut
727 1759 853 1824 Tretres
874 1758 965 1837 lecit,
989 1758 1043 1823 sed
1065 1758 1161 1824 tradit
1181 1759 1262 1824 illud
1282 1758 1396 1826 eodem

335 1873 456 1964 capite,
486 1896 550 1962 qno
574 1884 699 1938 enarrat
722 1872 879 1938 Romanos
901 1893 973 1937 oum
994 1871 1089 1937 rebus
1112 1872 1260 1938 Graeciae
1281 1896 1313 1938 sc
1334 1873 1396 1938 imi

335 1985 517 2063 miscuisse,
548 1985 633 2074 quod
651 1985 781 2050 aliunde
805 1997 930 2050 constat
954 1984 1094 2050 secundo
1117 1984 1208 2050 Fabii
1230 1986 1397 2052 consulatu

334 2099 444 2164 locum
467 2095 620 2162 habuisse.
669 2095 797 2162 Orosius
819 2109 832 2146 ²
855 2119 929 2162 sero
949 2109 1074 2187 tempus
1093 2120 1157 2163 non
1177 2110 1323 2163 accurata
1338 2096 1396 2164 de·

335 2212 422 2289 finit,
447 2209 506 2274 sed
529 2222 604 2275 ante
623 2231 743 2274 aunum
764 2212 829 2276 528
847 2232 913 2274 rem
935 2220 1073 2290 enarrat3
1098 2209 1286 2276 Plutarchus
1308 2223 1320 2262 ³
1339 2209 1397 2276 de-

335 2326 432 2414 nique
454 2323 562 2389 scribit
584 2321 624 2388 de
641 2321 751 2387 eadem
770 2345 804 2388 re
823 2334 895 2388 aute
913 2345 1034 2388 annum
1054 2329 1128 2389 532.

383 2436 467 2501 llaec
486 2435 574 2526 quod
594 2435 632 2500 ad
652 2447 775 2524 tempus
793 2433 886 2500 huius
903 2436 950 2500 rei
964 2438 1094 2516 attinet;
1112 2456 1176 2501 non
1194 2438 1399 2503 consentiunt

337 2560 488 2614 auctores·
499 2548 539 2614 de
556 2548 691 2626 miseris,
714 2570 794 2638 quos
812 2547 1010 2614 defosserunt
1027 2550 1179 2628 Romani,
1200 2572 1260 2615 nec
1276 2550 1398 2617 diversa

337 2658 554 2737 tradiderunt,
588 2660 619 2724 ni
650 2659 762 2737 iallor,
793 2661 911 2750 quippe
936 2661 1054 2751 qui¹er
1075 2661 1189 2727 eodem
1207 2663 1296 2728 sonte
1315 2661 1398 2727 illud

338 2770 477 2837 hausisse
504 2770 659 2837 ridentur.
706 2771 864 2862 Equidem
897 2773 982 2864 apud
1012 2772 1161 2840 Orosium
1187 2777 1399 2843 revocaverim

338 2884 507 2953 Graecum
535 2885 723 2975 fugitivum,
755 2909 828 2952 nam
857 2887 1087 2978 proculdubio
1112 2889 1169 2955 ille
1190 2911 1319 2980 quoque
1341 2890 1398 2956 de·

339 2996 442 3062 fossus
466 3010 520 3064 est.
577 2998 705 3064 Taetras
733 3021 806 3064 reru
832 2997 942 3065 Dionis
968 3000 1075 3066 locum
1097 3002 1179 3067 male
1199 3001 1324 3067 ridetur
1344 3024 1400 3068 era

338 3111 506 3201 carpsisse,
529 3132 601 3175 narn
623 3111 759 3177 Zonaras
778 3112 901 3202 scripsit
919 3135 957 3177 er
977 3112 1089 3179 eodem
1111 3113 1227 3193 Ilione,
1252 3113 1399 3180 sandrat

338 3223 388 3288 δύο
418 3224 470 3288 καὶ
493 3222 646 3299 Ἕλλανες
674 3222 767 3305 ἕτεροι
796 3221 830 3287 ἔα
854 3249 890 3289 τε
916 3230 970 3290 τοῦ
999 3224 1119 3306 ἄρρενος
1145 3228 1197 3292 καὶ
1218 3232 1272 3291 τοῦ
1292 3228 1397 3302 θήλεος

338 3336 445 3413 γένους
478 3336 606 3418 ζῶντες,
637 3336 695 3402 illc
726 3347 835 3401 contra
859 3338 1039 3412 Ἑλληνικὸν
1065 3340 1117 3402 καὶ
1143 3338 1319 3403 Γαλατικὸν
1342 3339 1399 3402 oiv-

339 3447 479 3527 optanta
505 3461 676 3528 memorat3
707 3471 872 3539 perperam
900 3448 1044 3528 omuino,
1074 3470 1148 3514 nam
1175 3461 1300 3539 praeter
1320 3471 1399 3515 con-

339 3559 477 3625 sentiens
506 3560 641 3627 aliorum
669 3562 888 3628 testimonium
920 3575 1043 3628 constat
1067 3585 1104 3628 er
1126 3562 1293 3653 prodigiis,
1317 3585 1400 3654 quae

341 3671 450 3738 Livius
475 3681 487 3717 ⁴
517 3675 689 3739 memoriae
714 3674 862 3753 tradidit,
892 3674 1091 3764 androgynos
1110 3699 1175 3742 non
1195 3676 1296 3744 solere
1316 3675 1400 3742 viros

341 3785 463 3864 defodi,
489 3809 597 3853 rerum
621 3789 653 3853 iu
678 3811 765 3854 mare
788 3787 892 3855 deiici.

342 3938 347 3946 =
390 3894 521 3963 Constat
547 3922 584 3965 er
609 3899 713 3966 Plinio
738 3914 751 3951 ⁵
776 3901 871 3966 tristis
891 3902 1010 3992 piaculi
1030 3902 1151 3968 llornaa
1171 3904 1323 3969 exstitisse
1342 3902 1401 3969 do-

343 4023 543 4090 cumentum,
558 4011 615 4101 qui
638 4011 727 4078 loeus
747 4037 820 4079 saxo
832 4027 1002 4103 conseptus
1013 4027 1094 4094 erat;
1111 4015 1300 4081 Plutarchus
1310 4015 1402 4081 nobis

343 4100 519 4190 auctorest
538 4148 648 4191 mense
666 4125 833 4192 novembri
854 4126 980 4192 Graecis
998 4127 1161 4218 Gallisque
1181 4129 1330 4194 solemnia
1347 4127 1402 4193 sed

371 4396 392 4462 r)
410 4398 488 4448 v111.
508 4401 548 4446 ro.
600 4394 747 4465 ²)rv.1a.
800 4395 820 4463 t)
838 4396 921 4449 Marc.
935 4405 960 4451 a.
1012 4397 1411 4468 ttxxv11.ar;1ut.oaaeq.

337 4486 384 4543 ar,
404 4485 450 4542 ss,
469 4485 517 4543 aa,
535 4484 576 4530 or.
629 4479 650 4550 ο)
668 4480 704 4530 Η.
720 4481 756 4532 Ν.
775 4482 906 4536 xxvnt.
926 4490 949 4534 2.
