3194 5302
292 428 331 490 38
413 445 441 487 rr.
454 442 554 486 sanius
566 445 593 487 rr.
604 444 632 485 r.
643 440 805 485 vincemus
817 421 872 506 (3).
914 423 974 505 §a
997 436 1106 486 cossus
1117 426 1159 486 11.
1176 424 1247 486 273.

299 632 368 686 tum
396 620 552 710 suspicor,
581 618 637 710 qui
663 638 768 682 reram
794 615 911 682 lamam
941 619 986 683 sic
1012 616 1232 686 obscurarunt
1279 617 1366 686 Con-

303 744 364 799 stat
382 731 568 823 imperatori
586 753 654 797 esse
672 731 721 795 ius
741 730 824 796 ritae
844 752 880 796 ao
898 731 1000 810 necis,
1022 740 1245 822 summamque
1260 745 1369 822 potes·

301 857 399 911 tatem
419 846 486 922 sine
503 844 731 936 provocatione
745 866 819 909 eum
836 866 981 910 exercerc
999 844 1033 909 in
1049 843 1184 919 milites;
1201 867 1261 911 nee
1276 846 1369 912 aliter

300 982 350 1023 res
378 980 410 1023 se
441 969 546 1048 potest
577 956 712 1034 habere,
746 955 823 1046 quid
852 956 937 1023 enirn
962 969 1011 1023 est
1032 956 1205 1035 exereitus,
1229 957 1282 1023 cui
1305 981 1370 1024 non

298 1071 416 1162 praesit
450 1093 532 1136 uuus
559 1072 720 1162 pluresve,
752 1070 869 1159 quibus
891 1069 978 1135 dieto
1005 1070 1171 1137 audientes
1194 1070 1258 1136 sint
1281 1072 1370 1136 mili-

300 1197 347 1250 tes
377 1183 417 1249 ad
447 1207 546 1249 unum
580 1202 704 1251 omnes:
738 1195 769 1248 et
800 1183 845 1248 sic
876 1195 944 1248 erat
972 1183 1152 1251 institutum
1183 1183 1268 1275 apud
1301 1185 1368 1250 Ro-

295 1320 423 1375 manos,
444 1297 590 1363 Martiam
610 1308 750 1386 gentem.
780 1293 868 1379 Quae
889 1318 991 1385 quum
1005 1296 1050 1360 ita
1066 1296 1144 1374 sint,
1160 1297 1231 1386 quis
1249 1320 1368 1387 quaeso

296 1409 405 1474 credat
428 1409 654 1500 imperatorem
671 1410 787 1476 frustra
804 1409 953 1499 petiri'sse
970 1433 986 1473 a
1003 1408 1181 1500 peditibus,
1208 1410 1368 1476 vellentne

294 1525 418 1590 bostem
438 1523 500 1587 iam
520 1522 627 1588 lusum
647 1547 664 1588 a
683 1521 958 1588 commilitonibus
977 1525 1144 1613 persequi,
1169 1525 1225 1613 qui
1242 1524 1365 1590 noluis-

295 1648 365 1702 sent
382 1635 480 1723 igitur
498 1635 614 1726 praeda
635 1637 732 1727 potiri
752 1659 851 1727 quum
869 1647 1019 1725 poterant
1035 1637 1172 1714 scilicet,
1189 1658 1249 1702 nee
1264 1650 1365 1704 castra

288 1770 408 1815 ‘eruere
442 1749 570 1814 iamiam
603 1761 707 1838 capta.
766 1748 806 1814 lt
839 1748 952 1814 consul
983 1772 1042 1838 pro
1071 1749 1206 1839 imperio
1235 1750 1366 1840 egisset,

296 1862 411 1952 opinor
440 1862 472 1926 in
499 1872 704 1928 contumaces
728 1862 805 1928 istos
827 1861 867 1928 de
892 1885 999 1941 more,
1023 1874 1055 1927 et
1073 1885 1109 1927 er
1129 1863 1199 1952 lege
1219 1863 1365 1929 animad-

294 1966 457 2052 vertisset3
488 1972 566 2062 quid
597 1985 643 2039 est
665 1975 835 2064 imperium
857 1974 1010 2053 militare,
1034 1976 1085 2040 eui
1105 1999 1170 2041 non
1191 1975 1230 2041 ad
1252 1999 1365 2042 manus

292 2088 355 2153 sint
374 2109 428 2165 ea,
458 2086 575 2175 quibus
599 2086 708 2152 iubeat
732 2098 764 2153 et
788 2088 934 2153 nolentes
955 2101 1048 2178 cogat
1068 2089 1117 2154 rel
1136 2101 1239 2155 morte
1258 2113 1362 2180 poena

292 2200 482 2292 praeposita.
530 2199 601 2266 lmo
621 2201 743 2267 iniussu
764 2202 904 2267 consulis
925 2214 1020 2267 nocte
1040 2202 1121 2267 clam
1143 2214 1245 2268 castra
1264 2204 1363 2270 relin-

292 2326 396 2405 quunt
424 2326 621 2380 exsecrantes
649 2314 786 2380 Fabium
810 2315 907 2380 istum
936 2326 969 2381 et
995 2315 1129 2380 Romam
1154 2315 1285 2381 veniunt
1304 2317 1364 2385 illo

292 2427 397 2492 noetis
412 2439 575 2517 tempore,
593 2450 658 2517 quo
675 2440 788 2519 portae
802 2427 909 2493 adhue
926 2428 1051 2493 clausae
1072 2441 1189 2507 essent,
1214 2452 1273 2495 nec
1289 2453 1361 2497 cus-

294 2541 385 2608 tudes
401 2553 449 2607 tot
466 2542 583 2607 milites
599 2542 716 2607 intrare
732 2543 881 2610 sinerent.
906 2539 1020 2607 Obstat
1037 2540 1114 2607 huic
1129 2541 1248 2622 lamae,
1265 2566 1361 2633 quam

291 2665 377 2718 recte
404 2652 573 2738 Dionysius
594 2655 773 2731 exornavit,
806 2654 969 2743 ingenium
991 2654 1104 2744 populi
1126 2655 1285 2735 bellicosi,
1310 2670 1361 2723 to·

290 2778 426 2855 tumque
445 2764 632 2855 disciplinae
647 2767 794 2831 militaris
810 2767 1072 2847 fundamentum,
1086 2768 1225 2858 denique
1246 2790 1363 2862 sperno

291 2877 390 2957 illad3
407 2877 569 2943 Romanos
589 2878 737 2951 straturae
757 2879 899 2958 rediisse,
923 2892 1021 2945 noctu
1037 2880 1183 2959 sortasse,
1207 2882 1360 2949 Fabium·

291 3013 355 3081 que
385 2989 483 3078 igitur
509 2988 635 3055 nullum
664 2991 764 3081 egisse
793 2991 1009 3083 triumphum,
1035 2992 1129 3058 facile
1152 2994 1360 3076 crediderim,

291 3102 345 3169 sed
377 3102 439 3167 alia
468 3102 596 3169 suberat
626 3125 738 3182 causa,
768 3103 875 3171 clades
904 3128 1038 3197 nempe,
1070 3127 1131 3171 nec
1156 3107 1288 3187 mirum3
1318 3132 1359 3174 an

290 3216 457 3282 credamus
476 3215 561 3283 ¹sorte
580 3217 740 3283 Romanos
761 3219 844 3284 solos
866 3219 998 3284 victores
1018 3219 1150 3285 erasisse
1167 3242 1204 3284 er
1221 3222 1359 3310 popula-

290 3329 433 3396 tionibus
462 3330 530 3394 istis
558 3325 691 3397 bellisve
718 3345 750 3396 et
785 3355 838 3397 eos
869 3354 994 3421 semper
1019 3331 1144 3397 hostem
1174 3346 1359 3422 persecutos
1427 3402 1430 3407 ,

290 3465 357 3508 esse
387 3443 427 3509 ad
455 3455 562 3534 portas
590 3466 707 3534 usque3
737 3467 979 3534 nonnumquam
1001 3444 1083 3511 hanc
1101 3445 1234 3513 eandem
1254 3448 1358 3514 fortu-

290 3578 364 3622 nam
394 3556 531 3621 Romani
562 3579 693 3646 quoque
722 3558 863 3647 perpessi
890 3569 978 3636 sunt,
1001 3558 1063 3622 iam
1087 3557 1241 3626 babemus
1262 3544 1358 3627 buius

290 3668 366 3733 anni
395 3667 597 3758 exemplum,
621 3669 653 3733 ni
680 3669 790 3748 lallor;
813 3693 887 3735 mox
907 3670 949 3734 ab
971 3669 1084 3736 iisdem
1106 3670 1292 3741 Veientibus
1315 3673 1355 3739 ad

290 3780 470 3847 Cremeram
504 3781 596 3846 Fabii
628 3780 745 3848 devicti
772 3795 862 3861 sunt,
897 3782 982 3848 unde
1011 3782 1102 3873 sequi
1131 3784 1257 3852 ridetur
1279 3798 1357 3852 tunc

288 3895 349 3960 iam
376 3893 607 3984 aliquantisper
627 3896 802 3986 superiores
821 3896 919 3961 fuisse
939 3896 1072 3975 Tuscos3
1096 3895 1151 3963 sed
1170 3895 1264 3964 huius
1281 3900 1356 3965 anni

289 4008 395 4074 clades
424 4031 488 4072 non
515 4007 595 4073 adeo
624 4009 725 4097 gravis
749 4009 825 4087 luit,
848 4008 925 4074 hinc
943 4008 1037 4074 latuit
1056 4008 1115 4074 sub
1137 4032 1249 4090 causa,
1272 4034 1355 4101 quae

290 4120 385 4187 facile
413 4134 480 4186 erat
501 4121 648 4198 inventu,
682 4122 799 4186 milites
824 4121 898 4188 odio
925 4122 1015 4187 Fabii
1042 4126 1202 4189 nonsatis
1227 4136 1354 4190 strenue

289 4238 444 4324 pugnasse
462 4245 492 4299 et
510 4234 554 4298 sic
570 4233 652 4299 clam
674 4257 813 4300 reversos
824 4257 906 4313 esse,
924 4235 1010 4325 quod
1026 4235 1067 4300 ab
1084 4236 1153 4302 aliis
1165 4249 1353 4303 exornatum

286 4360 333 4413 est
355 4347 388 4412 in
409 4370 480 4414 eum
506 4347 653 4426 modum,
680 4360 713 4413 ut
735 4371 819 4414 nunc
846 4349 929 4440 apud
958 4349 1145 4438 Dionysium
1165 4363 1351 4441 ceterosque

286 4461 429 4552 legimus.
