3154 5294
439 445 460 529 ᾗ
481 448 510 513 7.
532 465 662 510 truanes
682 465 787 511 casser
809 466 844 508 sn
867 466 974 509 mrrru.
1188 451 1245 512 169

226 637 308 707 Hinc
328 641 471 730 sequitur
488 664 539 707 me
561 664 626 707 non
649 642 790 706 assentiri
810 639 1008 707 Dederieho¹
1035 640 1070 724 Ω.
1083 641 1241 710 Pictorem

183 755 286 845 primo
315 754 473 844 scripsisse
503 754 632 820 Latinos
661 754 790 821 annales
816 765 924 844 postea
957 753 1106 833 Graecos,
1143 757 1239 846 paulo

181 866 408 933 elaboratiores
427 867 513 958 quod
534 866 573 933 ad
589 867 728 958 priorem
747 878 870 957 partem
887 866 1010 933 attinet.
1044 866 1167 933 Nititur
1180 871 1240 936 istu

183 981 319 1072 suspicio
346 1003 441 1070 prara
472 980 641 1070 opinione,
674 978 765 1044 Fabii
793 979 923 1045 annales
954 980 987 1044 iu
1019 979 1144 1046 brevius
1174 1005 1239 1048 esse

180 1105 359 1158 contractos
384 1116 402 1157 s
427 1092 537 1172 Lirio;
565 1106 597 1158 at
620 1091 728 1158 hercle
750 1092 823 1158 satis
842 1092 951 1159 breves
971 1104 1062 1158 erant
1079 1093 1128 1158 illi
1149 1116 1239 1161 eom·

181 1207 344 1284 montorii,
373 1204 429 1295 qui
453 1205 579 1273 nonnisi
606 1217 762 1297 tempora,
786 1205 872 1284 loca,
905 1203 1114 1296 hominesque
1145 1219 1238 1273 nota·

180 1317 267 1385 baut.
316 1316 384 1383 Nee
413 1318 526 1383 melior
556 1317 681 1384 ridetur
710 1317 862 1383 llarlessii
893 1317 1015 1408 opinio,
1042 1318 1097 1408 qui
1124 1318 1238 1386 frustra

178 1430 262 1497 idem
295 1432 440 1497 evincere
468 1443 600 1496 conatus
630 1442 676 1496 est
708 1454 765 1520 per
798 1430 1042 1521 discrepantias,
1072 1454 1151 1521 quas
1178 1433 1238 1498 sibi

179 1544 260 1610 risus
280 1554 348 1611 erat
368 1545 402 1609 io
423 1543 545 1635 duplici
566 1566 660 1633 opere
675 1543 848 1622 invenisse,
873 1565 952 1633 quas
965 1543 1127 1610 tribuebat
1147 1545 1237 1613 Fabii

177 1657 338 1722 doctrinae
366 1657 481 1722 sensim
505 1656 660 1723 crescenti
679 1656 819 1735 seilicet3
842 1667 874 1720 at
895 1655 1002 1721 nullae
1025 1671 1097 1722 sunt
1118 1657 1236 1727 discre-

175 1769 302 1858 pantiae
321 1769 416 1848 istae,
445 1792 516 1834 nam
538 1780 592 1834 aut
620 1768 683 1835 alio
705 1768 800 1833 modo
819 1767 892 1833 tolli
910 1781 1043 1859 possunt
1062 1782 1157 1860 utque
1178 1771 1236 1839 de-

176 1882 269 1960 bent,
290 1893 344 1946 aut
364 1880 575 1947 reseramalc
595 1903 646 1946 eus
667 1892 845 1959 cernerat2,
864 1879 956 1945 eadat
978 1903 1052 1970 ergo
1072 1882 1235 1950 conclusio

174 2017 301 2061 neeesse
331 2007 388 2062 est.
434 1994 520 2061 Mere
550 1992 791 2085 hypotheticum
811 2006 859 2059 est
880 1993 965 2059 enim
987 1994 1071 2084 quod
1093 1997 1199 2084 posuit
1222 2008 1234 2047 ³

174 2107 337 2174 historiam
365 2108 398 2173 in
426 2106 547 2172 Latinis
576 2106 666 2172 libris
686 2129 753 2172 esse
773 2106 967 2197 expositam,
992 2118 1027 2172 ut
1046 2131 1063 2171 a
1083 2108 1236 2176 Romanis

172 2220 358 2311 praesertim
387 2218 576 2296 traderetur,
606 2219 637 2284 in
665 2218 793 2285 Graecis
816 2230 926 2283 eontra
955 2241 991 2285 ea
1017 2242 1147 2313 quoque
1177 2221 1234 2287 ad·

172 2334 271 2398 mixta
301 2354 387 2410 esse,
419 2354 501 2422 quae
529 2331 759 2419 Hieronymus,
789 2331 955 2409 Timaeus,
984 2331 1038 2397 alii
1063 2331 1103 2397 de
1122 2336 1232 2404 ltaliae

169 2445 263 2511 rebus
292 2457 523 2535 exposuerunt3
556 2467 618 2510 non
650 2467 728 2535 opus
758 2455 823 2523 est,
853 2455 889 2509 ut
912 2467 1072 2511 sumamus
1097 2447 1232 2516 Fabium

170 2582 234 2624 non
263 2559 403 2650 potuisse
430 2558 589 2624 abstinere
609 2581 625 2622 a
646 2556 791 2637 Graecis,
811 2558 868 2648 qui
889 2557 947 2622 ista
968 2558 1151 2648 attigerant,
1175 2585 1232 2629 ne-

170 2695 233 2763 que
262 2672 294 2737 iu
322 2671 407 2738 hanc
435 2673 623 2738 senteutiam
648 2693 704 2736 nos
723 2670 861 2737 deducat
879 2670 1041 2737 Plutarchi
1061 2673 1101 2741 de
1120 2674 1231 2742 Diocle

170 2785 399 2852 testimonium.
446 2784 514 2851 Nec
531 2784 637 2875 placet
655 2784 753 2849 altera
765 2785 902 2874 suspicio
912 2785 1069 2866 eiusdem,
1095 2788 1230 2858 Fabium

168 2899 319 2964 Latinum
339 2921 432 2965 suum
451 2921 530 2987 opus
553 2898 774 2987 conscripsisse
794 2910 868 2963 aute
886 2899 948 2964 iter
962 2921 1054 2965 suum
1074 2899 1231 2992 Delphos,

169 3011 326 3079 Graecum
348 3035 421 3078 rero
450 3033 550 3101 quum
577 3010 652 3077 inde
672 3033 812 3077 reversus
833 3023 929 3091 esset;
954 3012 998 3077 nil
1018 3035 1074 3078 nos
1095 3014 1127 3079 in
1146 3014 1230 3083 huuc

166 3127 355 3193 seutentiam
379 3124 519 3191 deducit.

210 3239 382 3331 Superest,
405 3251 441 3302 ut
468 3236 507 3302 de
540 3236 634 3302 titulo
664 3260 829 3315 moneam,
853 3259 917 3326 quo
938 3236 1029 3301 Fabii
1050 3260 1129 3328 opus
1149 3239 1227 3305 iusi-

165 3354 289 3444 gnitum
309 3349 424 3429 luerit3
457 3361 493 3414 ut
517 3371 587 3414 rere
614 3346 716 3412 dicam
742 3347 922 3437 ignoratur,
947 3346 1028 3412 sicut
1048 3361 1133 3414 recte
1153 3353 1227 3441 qui·

166 3464 301 3531 busdam
329 3462 473 3540 ridetur,
503 3486 520 3527 a
547 3483 612 3551 quo
635 3472 827 3525 tamennon
849 3459 964 3548 procul
983 3458 1084 3525 aberit
1103 3463 1145 3542 is,
1171 3466 1227 3555 qui

163 3577 313 3659 Ἱστορίαις
324 3589 379 3642 aut
389 3576 624 3654 Ὑπομνήματα
640 3597 693 3640 eos
704 3573 826 3638 dixerit.
852 3572 1032 3638 Plinianum
1051 3574 1133 3640 illud
1151 3578 1225 3643 An·

164 3694 259 3756 noles
281 3689 417 3756 formam
438 3711 503 3754 nou
521 3699 645 3752 tautum
667 3698 803 3776 spectat,
823 3686 950 3776 opinor,
975 3699 1006 3752 et
1024 3689 1135 3754 annuit
1151 3713 1224 3756 eum

165 3802 277 3870 Cicero
298 3808 333 3886 ⁴,
359 3801 443 3867 unde
470 3825 543 3868 vero
567 3800 635 3866 noli
654 3798 812 3865 deducere
833 3799 974 3864 Tullium
995 3799 1145 3869 Latinum
1165 3803 1223 3868 sibi

162 3916 299 3982 voluisse
329 3937 425 4006 opus,
457 3914 544 4006 quod
575 3913 781 4002 distingueret
809 3911 850 3976 ab
878 3913 978 3978 altero
1003 3913 1122 3981 Graece
1146 3939 1224 3982 eon-

161 4031 296 4121 seripto,
329 4052 404 4095 nam
432 4028 518 4094 idem
541 4050 659 4094 nomen
689 4025 808 4093 indicat
832 4025 1014 4092 uuiversum
1041 4028 1122 4094 illud
1146 4032 1223 4096 scri-

162 4157 275 4233 pturae
287 4165 395 4233 genus.
420 4140 488 4207 Nec
500 4141 563 4206 hue
573 4139 773 4207 referendum
784 4163 851 4206 esse
865 4139 1077 4229 Polybiauum
1087 4143 1221 4222 βίβλους

69 4309 72 4313 .
160 4257 380 4335 ὑπομνήσεως,
401 4268 436 4320 ut
461 4255 612 4321 Kreusius
631 4277 798 4346 perperam
820 4255 957 4334 fecerat,
980 4267 1066 4359 recte
1085 4257 1223 4323 ostendit

188 4486 207 4553 ¹)
226 4490 323 4555 Pag.5.
376 4484 396 4556 ²)
415 4488 619 4554 Videodfrsgm.
629 4493 679 4544 111.
730 4488 751 4557 ⁵)
769 4491 831 4556 Peg.
844 4494 866 4544 7.
919 4489 939 4559 ⁴)
958 4495 1226 4560 DeeratIthldl.
