3154 5294
532 431 602 514 §d
624 454 734 497 ronres
756 455 843 498 raon
1172 439 1225 501 161

162 630 278 721 scripto
295 628 472 712 mandasse,
491 654 599 697 verum
620 631 822 721 Willeuborg
839 630 944 697 Diocli
959 631 1058 699 nimis·
1067 631 1222 699 studuisse

163 743 339 809 censendus
354 757 417 823 est,
434 745 474 809 de
491 767 557 835 quo
577 744 773 835 ignotissimo
794 744 924 810 homine
941 744 1001 809 boc
1023 758 1146 812 tantum
1163 746 1222 812 ali·
1265 814 1267 819 ,

164 856 248 923 uude
289 858 419 936 scimus,
455 858 541 948 quod
571 881 629 947 per
663 870 761 923 totam
795 859 891 924 vitain
920 859 1069 950 frigidam
1099 873 1225 926 tantum

163 991 275 1059 aquam
296 968 427 1047 biberit,
451 968 624 1034 dummodo
647 968 694 1035 rel
715 968 777 1034 boc
795 981 940 1036 nostrum
956 984 1086 1060 spectet.
1135 970 1223 1054 Quae

163 1085 267 1149 ornnia
297 1084 587 1175 quomodocunque
616 1106 649 1148 se
680 1082 836 1162 babeant,
860 1106 959 1150 unum
980 1097 1067 1150 certo
1087 1078 1222 1150 derhon-

163 1198 251 1262 strari
275 1208 379 1287 potest
402 1195 516 1261 lalsunr
540 1217 621 1274 esse,
646 1194 733 1284 qood
753 1193 912 1260 Dederich
938 1208 946 1245 ¹
971 1195 1137 1286 opinatur,
1161 1194 1223 1260 lle-

162 1310 266 1387 bium,
292 1309 445 1398 quoniam
470 1308 563 1373 nirnis
592 1330 629 1373 ex
649 1307 760 1372 Diocle
785 1306 942 1387 hauserit,
965 1331 1072 1373 corarn
1097 1306 1224 1394 Polybii

163 1424 316 1489 severiore
352 1422 471 1487 iudicio
505 1420 590 1486 baud
617 1444 745 1510 parram
778 1420 853 1487 fidei
883 1433 1003 1512 partem
1034 1419 1226 1510 perdidisse;

162 1534 313 1623 Polybius
332 1535 418 1600 euim
439 1532 574 1600 Fabium
592 1532 796 1623 reprehendit
813 1533 844 1598 in
861 1533 923 1598 alia
939 1532 1103 1598 annalium
1120 1547 1227 1624 parte,

163 1671 226 1713 uon
250 1648 377 1713 veroin
399 1670 452 1728 ea,
477 1671 572 1738 quarn
594 1670 611 1711 a
635 1646 745 1711 Diocle
767 1646 889 1713 seilicet
910 1657 1075 1712 mutuatus
1095 1660 1186 1714 esset.

208 1761 235 1825 h
255 1760 413 1838 lontibus,
437 1760 522 1826 unde
542 1760 658 1826 Fabius
678 1758 818 1825 hauserit
835 1782 907 1838 sua,
932 1759 1164 1825 transeundum
1180 1773 1227 1826 est

165 1873 202 1939 ad
233 1896 305 1951 eos,
338 1874 455 1965 quibus
482 1874 589 1938 Pictor
616 1874 686 1938 fons
712 1873 824 1951 suerit,
853 1896 915 1963 qua
941 1874 975 1937 in
1000 1897 1033 1939 re
1057 1874 1176 1939 nrultos
1195 1876 1229 1940 in

165 1987 254 2053 devie
275 1988 387 2054 abiisse
412 1987 522 2065 rideo,
548 2008 645 2076 quarn
671 1985 851 2052 breuissime
871 1997 984 2076 potero
1013 1986 1100 2051 hunc
1121 1987 1229 2055 locum

165 2102 329 2191 attingam.
370 2100 574 2189 Antiquiores
593 2098 729 2163 Fabium
749 2110 873 2163 secutos
893 2121 958 2164 esse
975 2097 1091 2164 diserte
1106 2098 1230 2187 Diony-

163 2213 262 2278 sius²
293 2211 418 2292 scribit;
453 2212 517 2278 scio
547 2211 676 2302 quidem
699 2211 902 2277 Perizonium
923 2212 1066 2301 aliosque
1084 2211 1230 2277 doctissi-

163 2334 264 2392 mos³
297 2349 360 2391 non
391 2325 481 2391 hund
510 2326 563 2391 sed
594 2326 763 2391 atterunt
792 2324 936 2413 Dionysii
966 2325 1071 2391 locum
1098 2349 1228 2416 urgere,

164 2439 248 2506 uude
269 2438 433 2505 deducunt
453 2436 616 2516 Cincium,
641 2437 812 2516 Catonem,
836 2438 999 2518 Pisonem,
1018 2451 1154 2517 ceteros,
1172 2440 1228 2505 ad·

163 2553 232 2618 iisse
261 2552 387 2619 eosdern
413 2552 527 2631 libros,
558 2551 642 2615 unde
667 2551 773 2616 Pictor
792 2574 847 2615 sua
870 2550 999 2630 habuit,
1024 2552 1111 2642 quod
1132 2554 1156 2618 si
1178 2555 1229 2619 rel

164 2688 287 2732 sumere
314 2666 407 2744 licet,
437 2678 544 2731 tamen
571 2688 624 2731 eos
647 2664 738 2729 Fabii
765 2665 891 2754 vestigia
914 2665 1060 2730 nonnihil
1082 2667 1230 2757 pressisse

162 2779 195 2843 in
215 2778 346 2868 antiqua
366 2779 424 2842 ista
445 2777 573 2842 historia
592 2777 775 2842 indubium
795 2799 908 2842 vocare
923 2801 988 2843 nou
1005 2778 1118 2847 audeo.

208 2890 361 2979 Polybius
380 2906 393 2941 ⁵
413 2891 446 2955 in
468 2890 560 2957 bellis
579 2891 707 2956 Punicis
725 2906 867 2957 nostrum
885 2890 1032 2958 adhibuit
1051 2905 1163 2960 testem
1175 2894 1229 2960 sed

163 3005 263 3070 altera
284 3027 413 3095 quoque
432 3017 522 3094 parte
542 3004 665 3082 audita,
686 3004 805 3070 Philini
827 3004 900 3070 dieo
920 3005 1077 3072 historias.

209 3116 318 3182 Livius
341 3117 477 3184 Fabium
496 3131 624 3183 secutus
644 3131 705 3197 est,
727 3118 812 3208 quod
832 3118 871 3184 de
890 3121 1053 3210 proposito
1066 3119 1228 3211 indagavit

167 3230 388 3296 Lachmaunus
408 3241 421 3278 ⁶
445 3244 511 3296 turn
535 3233 567 3295 in
588 3232 625 3295 iis
647 3231 724 3296 locis
744 3242 774 3310 ⁷,
798 3232 855 3296 ubi
873 3231 989 3298 diserte
1010 3256 1083 3298 eom
1105 3233 1229 3312 laudat,

166 3356 232 3411 turn
254 3343 310 3409 ubi
332 3344 457 3410 collatis
477 3345 589 3410 ceteris
612 3345 817 3433 scriptoribus
834 3344 989 3411 Pictorem
1010 3346 1099 3437 sequi
1122 3345 1228 3411 videa-

166 3469 230 3537 tur3
263 3457 304 3522 ad
332 3457 421 3524 illam
451 3457 698 3548 disputationem
719 3458 848 3548 ablego,
873 3483 891 3523 a
912 3461 1026 3550 quain
1046 3459 1228 3526 minutiori-

167 3569 223 3637 bus
243 3583 367 3637 tantum
387 3571 557 3646 dissentio,
583 3594 665 3662 quae
684 3571 831 3637 refellere
851 3596 917 3639 non
938 3586 985 3639 est
1005 3573 1097 3638 buius
1118 3573 1189 3638 loci.

210 3683 380 3772 Dionysius
399 3682 515 3749 deinde
531 3685 632 3749 multa
649 3684 750 3749 Fabio
767 3684 900 3765 debuit,
919 3708 1000 3775 quae
1014 3686 1098 3751 nuda
1109 3698 1140 3751 et
1152 3686 1228 3750 sim·

168 3793 238 3882 plici
257 3796 401 3860 oratione
420 3795 595 3885 perscripta
614 3795 681 3885 ipse
700 3796 823 3861 ornavit
838 3795 982 3885 longiore
999 3797 1228 3887 disputatione,

167 3908 198 3972 in
217 3908 288 3975 loco
309 3908 349 3973 de
368 3907 495 3973 condita
515 3907 621 3987 Urbe,
633 3907 673 3974 de
685 3920 780 3998 geute
792 3908 980 3999 Tarquinia,
996 3922 1101 3975 cetera
1113 3922 1137 3976 ⁸.
1167 3909 1226 3976 So-

193 4155 213 4224 ¹)
229 4157 320 4223 Propr.
341 4155 417 4206 Eram.
436 4174 460 4223 p.
480 4164 504 4207 5.
557 4156 577 4224 ²)
593 4160 616 4209 Ι.
637 4164 677 4210 79.
722 4157 743 4223 ⁵)
760 4161 913 4220 Hulleman‚
932 4157 961 4208 de
978 4156 1042 4210 Ana.
1065 4157 1138 4210 Mox.
1156 4162 1235 4225 pet.

160 4237 180 4306 4)
201 4244 222 4293 Ι.
248 4250 289 4294 73.
362 4240 381 4307 ⁵)
399 4243 439 4292 Cf.
457 4244 545 4307 sregm.
564 4245 696 4306 XXXIV,
714 4245 875 4296 XXXVIII.
936 4242 957 4309 6)
974 4247 1012 4293 De
1027 4246 1096 4308 scat.
1114 4243 1192 4307 Livii,
1210 4247 1234 4296 Ι.

162 4329 315 4388 50-75,11.
329 4333 367 4376 14.
403 4325 423 4392 ⁷)
441 4328 480 4378 ef.
490 4330 578 4392 fragm.
588 4328 668 4391 xxr,
684 4330 774 4391 xxv,
789 4329 927 4389 xxvnr,
942 4329 1052 4391 xx1x‚
1071 4330 1166 4389 xxx,
1176 4330 1236 4380 xu.

160 4409 233 4470 ⁸)Cl.
251 4412 341 4475 fragm.
359 4413 414 4472 VI,
432 4413 494 4472 IX,
519 4412 560 4474 X,
584 4413 668 4479 XIII,
692 4410 787 4475 XVII,
812 4414 922 4476 XVIII,
946 4413 1028 4476 XIX,
1052 4414 1120 4477 XX,
1138 4414 1234 4475 XXII,

163 4494 269 4560 XXIII,
288 4496 411 4559 XXVII,
430 4497 502 4548 XLI.

1054 4586 1090 4646 ll
