3212 5294
366 451 386 534 ᾗ
408 450 437 512 9.
459 469 513 511 reo
534 467 661 510 cossura
681 452 751 512 445.
771 450 792 531 ᾗ
815 452 862 512 10.
883 470 992 512 consur.
1015 453 1070 513 tll.
1092 452 1161 512 446.
1242 450 1303 512 257

280 644 375 712 ntiurt
392 658 453 723 est,
473 644 560 736 quod
579 644 659 712 mihi
675 668 739 711 uon
755 659 820 712 tam
839 646 933 712 facile
953 669 1082 737 possum
1093 645 1298 738 persuadere,

228 759 441 826 deiectionem
455 760 600 827 Perusiae
621 760 707 838 volo,
730 783 796 826 nou
814 760 901 851 quod
921 760 1048 827 credam
1070 783 1178 826 omnes
1201 759 1297 824 urbes

228 874 380 939 lubenter
400 874 508 940 tulisse
532 875 642 965 iugum
663 874 864 954 Romanurn,
887 874 1026 940 multum
1046 874 1148 951 abest,
1181 871 1295 937 admo·
1403 872 1414 897 ⁸

228 986 304 1052 dum
327 985 510 1077 trequentes
529 999 603 1054 suut
621 987 817 1054 defectiones
834 988 868 1052 in
899 987 1030 1053 historia
1054 987 1214 1064 Romana,
1238 985 1293 1051 sed

227 1113 369 1191 suspecta
392 1100 517 1167 ridetur
536 1100 614 1167 baec
634 1100 781 1167 deiectio.
830 1100 939 1166 Tradit
959 1123 1075 1191 nempe
1093 1099 1201 1165 Livius
1220 1099 1294 1163 uni·

227 1234 282 1278 cus
303 1213 396 1279 huius
416 1216 463 1280 rei
484 1215 568 1279 testis
593 1214 753 1280 Perusiam
774 1237 806 1279 se
822 1212 995 1292 dedidisse,
1017 1227 1188 1304 postquam
1218 1234 1294 1277 cum

227 1325 358 1416 reliquis
376 1326 515 1393 Etruscis
529 1327 569 1393 ad
583 1327 739 1393 Perusiam
759 1338 936 1418 pugnatum
953 1339 1047 1404 esset;
1072 1338 1104 1390 nt
1124 1348 1231 1415 pugna
1252 1324 1293 1389 ad

226 1440 386 1506 Perusiam
402 1441 500 1532 paulo
518 1453 592 1506 ante
608 1439 781 1517 acciderat,
796 1451 965 1530 postquam
982 1439 1098 1505 saltum
1117 1438 1292 1506 Ciminium

227 1554 435 1631 transiissent,
452 1553 514 1619 hoc
530 1553 689 1644 proelium
700 1551 740 1617 ad
752 1550 936 1618 Sutrianum
954 1552 1291 1633 transtuleratLirius,

226 1679 260 1732 ut
278 1667 374 1732 modo
387 1666 537 1747 vidimus,
557 1666 610 1732 sed
630 1665 670 1732 de
690 1689 778 1731 more
799 1665 922 1757 duplici
940 1665 1150 1733 famaelidem
1172 1666 1291 1735 habens

226 1792 393 1871 utramque
417 1779 529 1860 tradit,
553 1792 585 1846 et
604 1781 649 1845 sic
668 1780 760 1845 nobis
779 1792 886 1844 narrat
904 1802 1010 1845 versus
1030 1782 1127 1846 tinem
1149 1781 1228 1847 belii
1248 1783 1291 1847 ad

224 1893 385 1959 Perusiam
400 1906 592 1984 pugnatum,
611 1893 699 1984 quod
717 1894 780 1959 iam
795 1906 887 1958 antea
906 1894 1075 1961 acciderat.
1111 1895 1179 1961 Nec
1195 1898 1291 1963 credo

224 2007 384 2073 Perusiam
403 2006 571 2086 deiecisse,
595 2030 669 2072 nam
688 2018 760 2096 post
777 2007 916 2097 priorem
941 2030 1082 2097 pugnam
1106 2010 1165 2074 tria
1185 2012 1291 2100 capita

224 2121 368 2187 Etruriae
383 2120 415 2186 in
433 2121 651 2187 Romanorum
669 2132 819 2185 reuerent
833 2132 1038 2210 potestatem,
1058 2123 1115 2211 qui
1133 2123 1197 2187 iam
1212 2134 1290 2188 tunc

225 2235 264 2301 de
284 2257 373 2301 more
393 2234 585 2326 praesidium
607 2234 844 2324 imposuerunt,
867 2235 991 2324 opinor.
1040 2234 1158 2300 Contra
1178 2235 1292 2303 Umbri

222 2347 408 2415 defecerunt
432 2347 694 2437 sequentianno,
715 2358 750 2411 ut
770 2345 875 2412 statim
893 2347 1086 2425 ridebimus;
1104 2371 1141 2412 ex
1153 2346 1202 2412 his
1219 2371 1289 2414 om·

222 2461 314 2526 uibus
335 2473 465 2552 apparet
483 2460 601 2525 famam
624 2483 690 2525 esse
711 2461 895 2549 repetitam,
914 2483 996 2550 quae
1017 2462 1078 2525 iam
1097 2461 1137 2525 ad
1166 2460 1287 2527 seriora

221 2571 366 2638 retulisse
386 2570 466 2637 mihi
485 2570 602 2636 videor.
651 2568 698 2634 dd
722 2570 882 2635 Perusiam
904 2570 1152 2660 recuperandam
1172 2572 1288 2638 Fabius

220 2686 382 2751 inducitur
405 2685 557 2751 acerrime
576 2706 746 2774 pugnasse,
770 2683 823 2750 sed
846 2682 908 2749 boc
927 2683 1141 2773 supplendum
1162 2699 1229 2751 erat
1249 2710 1286 2752 er

220 2799 296 2865 lalsa
317 2799 400 2864 fama
419 2810 543 2876 natum,
568 2810 602 2862 ut
622 2796 744 2862 deditio
764 2797 852 2862 urbis
870 2808 1065 2886 sequeretur.

263 2910 316 2977 Sic
333 2911 472 3002 denique
491 2910 633 2976 Rulliani
651 2910 826 2976 secundum
856 2910 1054 2976 consulatum
1081 2912 1210 2977 missum
1235 2913 1284 2978 fa·

216 3025 316 3101 ciam,
340 3025 391 3090 cui
414 3023 570 3089 nonnulla
598 3024 720 3088 etiamsi
748 3023 1011 3104 abiudicaverim,
1034 3024 1081 3088 nil
1105 3025 1282 3116 quidquam

216 3135 380 3203 detraham
410 3136 450 3200 ab
477 3137 545 3201 eius
573 3135 668 3201 laude
695 3136 826 3215 bellica,
859 3159 999 3202 summus
1030 3136 1113 3202 enim
1146 3138 1283 3204 bellator

213 3250 402 3315 felicissimo
426 3271 571 3316 successu
594 3249 827 3340 expeditionem
856 3251 1007 3340 suscepit,
1032 3273 1114 3340 qune
1132 3251 1281 3339 periculis

214 3386 282 3429 uon
305 3363 448 3442 vacabat,
472 3374 504 3429 et
526 3363 571 3428 sic
589 3375 661 3453 post
681 3363 890 3428 atrocissimas
907 3386 1029 3453 pugnas
1054 3385 1126 3428 oum
1146 3365 1280 3429 strenuis

212 3476 361 3542 bostibus
382 3476 508 3567 subegit
526 3476 705 3555 Etruriam,
728 3476 769 3542 ob
789 3499 872 3567 quoe
888 3477 1011 3566 egregie
1030 3476 1114 3542 facta
1132 3498 1279 3564 magnam

208 3593 365 3658 uirtutem
384 3591 451 3657 eius
466 3587 665 3681 praedicabit
681 3589 820 3655 historia.

525 3759 617 3842 §ro
668 3753 794 3821 consu
812 3754 871 3821 nr.
896 3758 970 3821 rso.

304 3910 335 3966 Q.
353 3908 481 3957 MBIb'S
495 3910 532 3958 M.
551 3911 581 3958 F.
599 3909 633 3958 Ν.
652 3909 687 3957 Ν.
704 3908 864 3957 MAXIMUS
882 3907 1069 3957 eruemus
1090 3905 1166 3957 111¹.

305 3995 334 4042 P.
354 3994 486 4043 DECIUS
501 3995 532 4042 P.
550 3994 580 4042 F.
600 3995 629 4053 Q.
649 3995 683 4043 Ν.
701 3993 777 4041 MllS
791 3992 828 4042 II.

262 4107 442 4199 Antequam
463 4107 504 4173 de
524 4108 586 4176 hoc
605 4107 749 4174 Rulliani
765 4106 931 4172 consulatu
950 4105 1069 4184 dicam,
1083 4107 1179 4172 serbo
1191 4128 1277 4172 erro-

212 4245 280 4288 rem
300 4220 488 4312 Pigbianum
502 4222 704 4313 redarguam,
722 4221 778 4312 qui
794 4244 829 4286 er
843 4218 904 4286 hoc
920 4219 1085 4285 Fastorum
1102 4220 1278 4311 fragmento

242 4434 262 4500 ¹)
279 4436 418 4501 Fastcap.
428 4439 453 4487 h.
463 4453 499 4496 ις
513 4437 569 4486 Lir.
580 4434 628 4486 IX.
646 4441 692 4494 41;
707 4434 781 4485 Diod.
797 4433 848 4484 Sic.
864 4431 925 4482 XX.
942 4435 986 4491 37;
1002 4429 1122 4490 Cassiod.;
1139 4432 1191 4483 An.
1205 4434 1282 4491 Nor.;

201 4523 276 4574 Fara.
295 4521 347 4573 Sic.

1110 4603 1148 4665 17
