3154 5294
325 461 384 526 108
403 475 590 523 usrmusu.
601 471 628 517 r.
640 472 672 517 u.
683 471 712 518 n.
723 469 872 515 susurrus
884 448 960 535 (15).
974 451 996 536 5
1006 453 1035 516 2.
1047 469 1198 517 nuruum.
1210 451 1252 515 11.
1264 453 1333 518 385.

323 678 401 722 uum
431 653 571 721 millium
598 650 735 741 scriptae
762 647 802 714 ad
829 646 974 714 Sutrium
993 647 1156 739 proiectae
1177 660 1266 728 runt,
1290 669 1387 740 quam

322 768 542 834 Romanorum
570 763 729 831 coloniam
758 761 871 828 Volsci
899 761 931 828 ri
960 772 1187 853 expugnarant.
1235 760 1327 845 Quod
1348 762 1384 828 ni

321 880 475 950 Camillus
490 878 637 968 gessisset
653 876 792 955 bellum,
815 898 864 942 res
883 875 1026 942 Romana
1045 874 1175 966 periisse
1195 874 1311 954 fertur,
1330 897 1385 941 ac·

320 995 348 1061 si
375 1015 440 1059 non
465 992 543 1058 alios
561 1001 688 1083 praeter
711 987 882 1056 Camillum
902 988 1064 1079 principes
1083 987 1166 1054 riros
1185 988 1288 1053 Roma
1306 1011 1382 1079 pro·

319 1106 495 1199 genuisset;
529 1103 584 1170 sed
613 1102 658 1168 ita
672 1102 789 1169 'solent
806 1101 943 1167 Romani
964 1102 1107 1167 omnium
1126 1122 1233 1167 rerum
1254 1099 1384 1166 laudern

317 1220 353 1286 iu
381 1241 483 1285 unum
513 1215 717 1307 eundemque
746 1214 907 1292 conferre,
939 1213 995 1304 qui
1023 1225 1109 1280 extra
1137 1213 1270 1280 modum
1299 1212 1384 1279 solus
1457 1210 1465 1223 '

318 1331 462 1399 excellat.
509 1327 603 1395 Solus
632 1329 729 1419 igitur
757 1326 910 1394 Camillus
940 1327 1097 1417 fugientes
1126 1327 1214 1394 stelit
1242 1326 1384 1418 legiones

318 1446 478 1513 Romanas
508 1453 540 1508 et
570 1441 603 1507 in
633 1441 741 1532 lugam
770 1439 906 1506 Volscos
936 1441 1110 1520 convertit,
1142 1439 1218 1506 hinc
1246 1439 1385 1508 Romani

320 1555 380 1623 toti
397 1559 431 1622 iu
450 1555 508 1621 illo
528 1553 700 1620 laudando.
731 1552 801 1637 Quo
822 1552 909 1619 bello
925 1555 1103 1645 composito
1117 1554 1151 1620 in
1172 1553 1383 1633 Tusculanos,

320 1670 377 1761 qui
408 1669 472 1736 illis
502 1690 597 1760 opem
628 1667 738 1733 tulisse
770 1665 973 1746 ridebantur,
1005 1665 1259 1734 animadversum
1287 1679 1382 1745 esset,

318 1782 381 1848 uisi
405 1780 489 1847 nihil
511 1780 629 1846 hostile
648 1778 820 1847 iureuisset
845 1777 1014 1860 Camillum
1040 1802 1151 1871 pacem
1174 1780 1383 1871 impetrarunt

317 1917 378 1963 nso
400 1896 445 1962 ita
467 1894 572 1962 multo
596 1904 668 1985 post
692 1892 863 1959 civitatem.

540 2070 559 2154 §
583 2070 613 2135 2.
663 2065 831 2133 Tribunus
853 2068 998 2132 militum
1020 2064 1063 2132 ll.
1088 2071 1163 2134 385.
1206 2124 1208 2133 .

481 2236 520 2284 Μ.
539 2234 669 2283 FABIUS
683 2235 717 2285 K.
736 2234 765 2286 It'.
782 2234 822 2284 M.
839 2236 874 2286 N.
891 2233 1067 2284 AMuusws
1085 2233 1119 2284 11
1131 2230 1149 2284 ¹.

479 2321 507 2384 Q.
525 2318 673 2368 SERVILIUS
692 2319 719 2383 Q.
738 2320 762 2369 F.
780 2319 808 2383 Q.
826 2320 854 2369 ll.
872 2317 1008 2387 (Priscus)
1026 2318 1145 2368 stuuuss
1163 2319 1206 2368 lll.

478 2405 503 2454 (l.
523 2403 660 2453 servulus
677 2403 799 2453 CRASSUS
816 2404 967 2454 cicuuluvs
986 2405 1017 2455 ll.

479 2492 507 2539 Δ.
524 2488 681 2539 causatius
702 2489 836 2539 COSSUS.

481 2576 512 2624 lll.
529 2574 685 2623 CORNELIUS
705 2573 971 2623 uruuullvENSIS.

483 2659 510 2722 Q.
528 2659 677 2723 Qulucrtus
696 2658 895 2708 GlNGlNMTUS.

361 2802 538 2872 lucidimus
557 2801 590 2867 in
611 2824 711 2867 unum
730 2823 769 2867 ex
789 2799 983 2867 turbulentis
999 2801 1037 2867 iis
1056 2801 1145 2867 annis
1163 2801 1381 2892 (atr-404),

317 2917 429 3011 quales
450 2915 559 3007 plures
580 2913 711 2980 historia
733 2914 876 2981 Romana
904 2914 1040 3006 protulit
1065 2926 1196 3009 propter
1214 2915 1381 2980 acerrimas

317 3029 422 3125 plebis
458 3037 651 3120 patrumque
686 3029 908 3094 contentiones
941 3050 979 3094 ex
1006 3028 1222 3118 rogationibus
1249 3027 1380 3095 Liciniis

316 3141 431 3211 Sertiis
461 3151 552 3207 ortas.
599 3139 672 3206 Illas
704 3139 813 3206 missas
846 3140 960 3206 faciam
968 3189 977 3220 ,
1007 3152 1133 3206 tantum
1161 3139 1256 3207 serbo
1282 3140 1380 3206 attin·

315 3279 391 3349 gens
425 3277 504 3346 quas
535 3275 611 3344 gens
642 3263 750 3320 nostra
778 3255 811 3319 in
845 3252 894 3320 his
923 3253 1024 3320 turbis
1051 3265 1156 3346 portes
1188 3253 1305 3344 egerit,
1335 3255 1379 3321 si-

229 3425 239 3438 .
314 3368 447 3462 quidem
466 3389 570 3459 nuper
588 3367 628 3434 de
646 3367 684 3433 iis
701 3368 878 3434 accuratius
894 3368 1018 3458 scripsit
1030 3367 1229 3434 doctissimus
1243 3366 1340 3433 Kiehl
1352 3381 1378 3437 ².

360 3484 431 3552 Hoc
451 3480 592 3547 secundo
611 3479 702 3547 Fabii
718 3481 906 3548 tribunatu³
919 3481 965 3546 nil
975 3480 1182 3548 memorabile
1192 3480 1231 3546 ad
1246 3481 1379 3547 Velitras

314 3607 438 3689 gestum
460 3605 523 3672 est,
547 3591 691 3658 omnium
713 3592 825 3659 animis
846 3594 879 3659 iu
899 3595 1078 3685 rogationes
1098 3593 1236 3661 Licinias
1257 3592 1378 3663 Sextias

313 3705 492 3784 conversim
524 3716 672 3771 octavum
704 3705 766 3770 iarn
796 3703 908 3770 relecti
939 3717 1029 3771 erant
1057 3704 1179 3771 tribuni
1207 3703 1311 3795 plebis
1341 3705 1377 3774 0.

312 3819 455 3886 Licinius
483 3828 516 3883 et
545 3815 581 3883 L.
605 3815 745 3898 Sextius;
776 3816 869 3908 plebs
897 3816 996 3897 euim,
1032 3840 1114 3909 quae
1142 3829 1220 3882 tunc
1251 3818 1378 3885 creabat

311 3933 472 4012 tribunos,
502 3954 568 3998 uon
596 3930 711 3997 iniuria
741 3930 801 3996 sihi
826 3931 944 3998 maiora
966 3932 1036 3997 iura
1065 3932 1213 4022 petebat,
1242 3932 1377 4000 iterum·

313 4070 376 4138 que
396 4046 454 4113 hos
472 4045 521 4111 sui
551 4042 671 4111 ordinis
696 4056 839 4110 strenuos
860 4042 1042 4111 defensores
1062 4045 1199 4113 creabat.
1246 4046 1374 4113 Preme·

310 4161 406 4227 batur
433 4181 549 4250 nempe
577 4157 669 4249 plebs
689 4180 761 4224 aere
788 4157 908 4237 alieno,
941 4158 1083 4226 tulerant
1109 4181 1184 4250 crgo
1216 4171 1252 4226 ut
1282 4159 1315 4228 id
1334 4159 1375 4227 de

338 4441 358 4509 ¹)
375 4442 444 4495 um.
469 4441 531 4507 erp.
556 4439 583 4491 lr.
610 4456 648 4502 s.;
673 4442 731 4494 Lis.
756 4443 805 4495 VI.
832 4445 880 4503 86;
903 4441 978 4494 Diod.
1004 4441 1055 4494 Sle.
1082 4439 1144 4492 XV.
1172 4443 1218 4503 rt;
1243 4442 1297 4496 An.
1314 4442 1376 4497 Nor.

301 4526 322 4597 τ)
341 4525 492 4596 Mamaeae
507 4527 530 4580 1.
551 4528 700 4593 les-res,
719 4529 865 4580 ror-asa.
915 4523 938 4595 θ)
955 4527 1012 4580 Lis.
1030 4527 1080 4580 vl.
1098 4529 1147 4588 ao,
1164 4530 1206 4578 ar.
