3194 5302
353 469 391 532 76
474 487 501 530 u.
514 472 617 530 riorus
628 488 656 539 o.
669 488 695 529 r.
708 484 739 529 u.
751 485 778 528 n.
793 483 953 531 rrouuauus
964 467 1019 549 (8).
1040 468 1061 550 5
1076 468 1100 530 l.
1112 486 1222 530 consur.
1233 471 1302 532 333.

354 664 505 730 facillime
534 687 582 729 res
610 662 769 753 expediri3
802 686 861 728 neo
883 686 976 729 omen
995 664 1161 743 obstabat,
1192 687 1252 730 neo
1274 664 1419 732 tribunus

350 776 468 842 aberat.
515 776 598 842 Fieri
619 788 725 841 tamen
745 788 867 866 potest,
900 790 932 842 ut
952 801 1011 867 pro
1032 776 1152 860 Quinto
1172 779 1269 844 lrater
1294 778 1417 845 Nume-

352 893 418 954 rius
441 888 661 955 reseribendus
686 889 736 955 sit.

397 1001 435 1068 In
463 1003 557 1068 huius
582 1002 646 1069 rita
674 1002 880 1068 describenda
905 1003 1004 1067 finem
1033 1003 1147 1068 faeiem
1170 1003 1323 1070 Bthrium
1348 1027 1417 1069 ear·

350 1138 450 1205 pens,
474 1117 530 1207 qui
547 1128 690 1180 nostrum
710 1137 782 1180 enm
804 1115 909 1181 fratris
929 1115 996 1180 lilio
1018 1113 1053 1198 Q.
1076 1115 1266 1182 Ambustum
1285 1118 1335 1202 (9)
1355 1117 1418 1182 mi·

349 1250 416 1294 sere
442 1229 588 1306 miscuit,
617 1227 702 1295 unde
723 1227 818 1293 multi
839 1250 959 1294 errores
979 1228 1047 1292 nati
1069 1241 1160 1308 sunt,
1184 1252 1264 1320 qnos
1285 1208 1418 1320 pereur-

351 1362 420 1405 rere
444 1363 507 1405 nou
531 1341 632 1407 lubet.

770 1483 983 1495 *nn—-a--a———n

728 1625 908 1698 carun
942 1603 1043 1697 virt.

481 1775 649 1841 uuuuerus
669 1773 785 1820 santus
806 1773 835 1832 o.
855 1773 883 1818 n.
904 1773 937 1818 u.
959 1773 989 1819 u.
1013 1773 1199 1821 rrauuanus
1220 1759 1278 1847 (8).

705 1908 722 1990 §
751 1910 779 1971 l.
831 1903 956 1969 Consul
979 1910 1052 1970 333.

509 2057 543 2105 Ν.
563 2057 692 2106 Metus
707 2057 732 2119 Q.
751 2057 776 2104 F.
794 2058 825 2105 u.
844 2056 873 2105 tt.
892 2057 1052 2107 vibulanus
1070 2057 1088 2106 ¹.

508 2149 546 2197 tr.
564 2148 713 2211 QUtrtcttus
732 2149 768 2199 tt.
788 2149 811 2198 u.
830 2148 1039 2209 cartrottntts
1058 2152 1251 2204 ualemus

392 2247 492 2314 Fabio
517 2247 682 2336 provincia
708 2248 814 2313 evenit
835 2247 958 2312 bellum
980 2261 1089 2317 eontra
1116 2254 1243 2341 Aequos
1265 2263 1296 2331 ²,
1327 2256 1413 2345 quod

346 2362 470 2430 etiamsi
496 2362 541 2426 ita
572 2361 680 2451 gessit,
713 2373 749 2425 ut
777 2360 825 2425 nil
853 2361 986 2450 dignum
1018 2375 1196 2429 memoratu
1222 2377 1329 2432 actum
1355 2367 1414 2446 sit,

348 2489 454 2542 tamen
478 2474 632 2541 Romanis
652 2474 819 2540 ridebatur
839 2497 906 2540 reru
932 2475 1005 2539 satis
1024 2498 1175 2566 prospere
1194 2479 1342 2569 gessisse,
1372 2482 1415 2546 si-

245 2668 248 2673 ·
347 2588 479 2680 quidem
498 2589 528 2653 ei
549 2610 734 2654 conoessum
753 2601 814 2666 est,
839 2599 875 2652 ut
897 2611 993 2654 orans
1015 2588 1136 2657 Urbem
1156 2592 1316 2674 introiret,
1341 2616 1415 2660 nam

349 2704 479 2793 Aequos
499 2701 671 2789 fugaverat.
711 2698 784 2764 Non
805 2712 944 2790 quatuor
962 2701 1043 2766 albis
1063 2704 1153 2792 equis
1172 2719 1347 2795 praeeunte
1366 2730 1417 2773 se·

349 2827 461 2880 natu³
493 2812 547 2878 sed
579 2834 643 2877 uno
673 2823 797 2878 tantum
827 2812 984 2879 deductus
1009 2827 1056 2879 est
1083 2815 1123 2879 ad
1150 2814 1346 2908 Capitolium
1374 2820 1414 2886 ab

350 2924 512 3017 equitibus
539 2935 661 3012 myrtea
682 2944 798 2989 corona
819 2936 946 2990 ornatus
964 2937 992 3005 ⁴,
1017 2948 1077 2991 nee
1103 2938 1210 2993 tauros
1228 2930 1416 2996 sacrificarit

349 3038 405 3105 sed
435 3060 542 3115 orem,
573 3036 659 3102 uude
679 3035 731 3101 hie
749 3037 854 3105 minor
877 3037 1059 3129 triumphus
1079 3063 1195 3107 nomen
1216 3041 1321 3121 durit3
1350 3066 1416 3110 non

350 3153 437 3218 enirn
466 3151 510 3216 sio
540 3150 643 3216 dietus
664 3162 712 3215 est
739 3174 756 3214 a
784 3152 936 3229 elamore,
961 3174 1057 3242 quem
1085 3152 1254 3221 redeuntes
1280 3157 1415 3224 rietores

348 3266 400 3332 illi
422 3266 578 3331 laetantes
596 3263 736 3341 iaciunt,
768 3265 926 3354 geminata
944 3278 957 3313 ⁶
982 3265 1086 3333 littera
1107 3266 1151 3334 ΟΞ
1183 3271 1309 3359 quotvis
1329 3272 1416 3337 enirn

348 3379 571 3468 geminaveris,
593 3377 735 3445 nondum
757 3383 865 3443 ovatio
886 3377 962 3443 inde
982 3379 1098 3445 eradit.

395 3490 486 3555 Fabii
511 3489 694 3555 consulatus
723 3488 785 3554 alio
808 3510 939 3579 quoque
959 3491 1090 3556 nomine
1109 3492 1265 3573 innotuit;
1297 3519 1414 3588 magna

348 3627 464 3694 nempe
493 3615 561 3668 orta
586 3614 633 3667 est
660 3600 818 3671 discordia
845 3601 929 3667 inter
952 3603 1082 3692 plebem
1108 3627 1145 3670 ae
1164 3617 1268 3695 patres
1288 3607 1329 3675 de
1353 3634 1415 3676 uu-

344 3741 435 3784 mero
465 3726 670 3806 quaestorum
700 3714 915 3805 duplicando,
950 3729 984 3781 ut
1015 3730 1140 3808 praeter
1169 3719 1248 3786 duos
1277 3724 1413 3791 urbanos

348 3842 531 3922 quaestores
571 3828 636 3895 duo
673 3829 858 3894 oonsulibus
893 3829 933 3895 ad
968 3832 1142 3897 ministeria
1176 3834 1254 3901 belli
1287 3851 1413 3927 praesto

348 3956 466 4024 essent3
491 3966 565 4009 nam
586 3941 850 4033 quampluribus
874 3943 936 4010 iam
959 3966 1039 4033 opus
1061 3959 1141 4012 esset
1158 3951 1412 4039 magistratibus,

347 4056 467 4147 plebeii
488 4078 525 4121 er
546 4077 603 4122 suo
623 4053 733 4120 ordine
755 4054 911 4146 quosdam
931 4056 1084 4125 creandos
1103 4082 1168 4126 esse
1185 4061 1412 4151 perhibebant,

374 4267 395 4333 ¹)
412 4268 481 4318 Fast.
497 4266 558 4331 Cap.
574 4268 599 4316 h.
615 4283 637 4316 a.
655 4274 680 4316 et
695 4269 743 4316 347
752 4290 759 4327 ;
778 4268 835 4318 Liv.
850 4271 900 4319 IV.
917 4276 962 4330 433
978 4271 1104 4336 Cassiod.;
1122 4273 1174 4323 An.
1188 4274 1264 4335 Nor.;
1282 4277 1350 4327 Post.
1366 4278 1416 4329 Sic.

340 4352 361 4413 2)
378 4355 436 4404 Liv.
453 4354 502 4404 IV.
522 4359 562 4402 43.
616 4348 636 4418 ⁵)
654 4352 725 4402 Serv.
745 4350 779 4400 ad
796 4350 857 4403 Aen.
875 4356 923 4405 IV.
944 4361 1008 4415 543;
1026 4357 1094 4408 Plut.
1113 4355 1195 4408 Mure.
1215 4365 1256 4409 22.
1310 4360 1330 4427 t)
1348 4363 1415 4414 Ptin.

339 4437 376 4489 H.
394 4435 433 4488 N.
459 4437 535 4490 XIX.
561 4441 592 4485 29
600 4459 607 4496 ;
631 4435 698 4487 Gell.
721 4439 755 4487 V.
781 4441 808 4498 ὃς
833 4438 925 4505 [Fesb]
950 4441 1023 4493 Paul.
1047 4459 1070 4494 v.
1099 4439 1179 4494 Ovult‘s
1202 4461 1288 4495 corono
1311 4463 1336 4512 p.
1358 4453 1414 4499 195.

340 4523 359 4594 ⁵)
378 4523 471 4590 [Pete]
488 4522 562 4575 Paul.
580 4538 605 4575 v.
627 4518 727 4572 Ovumm
745 4538 769 4587 p.
791 4528 848 4574 195.
1222 4534 1225 4537 ·
