3212 5294
325 457 346 541 5
367 457 396 520 2.
417 471 532 518 snorsrs
553 455 622 518 423.
646 455 667 538 5
688 456 718 518 3.
741 473 887 518 uscrsrsa
911 475 1040 526 scurrus
1063 458 1132 522 ⁴29.
1205 462 1264 526 237

197 665 301 733 rerat3
333 652 498 719 Samnium
522 653 628 719 evenit
649 653 772 719 consuli
793 652 828 719 L.
847 653 943 719 Furio
964 651 1101 720 Camillo
1120 652 1172 735 ll,
1206 655 1262 745 qui

195 789 293 857 quum
315 766 431 832 morbo
450 767 624 858 implicitus
645 765 767 832 bellum
788 789 852 831 non
873 778 979 858 posset
1003 788 1129 855 gerere,
1158 765 1261 832 dicta·

197 892 246 944 tor
274 880 417 971 Papirius
445 901 517 944 cum
543 879 643 946 Fabio
669 880 817 969 magistro
844 879 882 944 ad
903 879 1077 944 exercitum
1096 879 1262 969 profectus

195 1007 257 1072 est,
280 994 425 1074 incertis,
448 1005 483 1058 ut
504 994 588 1059 fama
607 994 685 1073 fert,
706 992 862 1083 auspiciis.
896 991 1049 1084 Suspicor
1069 991 1130 1059 hoc
1151 1005 1262 1084 postea

195 1108 421 1197 excogitatum,
450 1130 523 1172 nam
544 1106 678 1172 Romani
700 1107 793 1171 nimis
812 1105 949 1195 religiosi
972 1117 1063 1171 erant
1082 1104 1114 1170 id
1139 1118 1263 1196 tempo·

196 1219 251 1299 ris,
275 1243 371 1310 quam
392 1232 427 1286 ut
447 1219 613 1285 credamus
639 1241 693 1285 eos
715 1218 822 1284 dubiis
845 1219 990 1310 auspiciis
1011 1218 1115 1308 legem
1136 1218 1177 1285 de
1197 1218 1260 1283 im·

195 1333 284 1422 perio
302 1334 486 1423 pertulisse3
511 1331 669 1425 quidquid
689 1342 750 1410 est,
774 1331 912 1397 dictator
931 1330 1067 1397 Romam
1088 1331 1190 1397 fertur
1207 1354 1261 1396 re·

196 1467 300 1511 versus
320 1469 386 1513 esse
405 1446 444 1513 ad
463 1446 673 1537 repetendum
691 1444 886 1535 auspicium,
916 1444 1002 1535 quod
1028 1443 1114 1510 hand
1135 1445 1200 1511 scio
1220 1467 1260 1509 an

194 1558 321 1635 fecerit,
353 1583 426 1625 nam
448 1559 670 1650 requirebatur
692 1559 759 1624 eius
778 1559 955 1649 praesentia
976 1557 1009 1623 in
1029 1558 1149 1625 castris.

238 1669 385 1763 lienique
394 1672 519 1751 aberat,
529 1684 561 1738 et
576 1671 762 1762 magistrum
777 1670 810 1735 in
826 1670 934 1736 castris
946 1670 1134 1761 reliquerat,
1146 1670 1197 1735 cui
1210 1670 1260 1735 in·

195 1782 364 1849 terdirerat
383 1805 416 1849 se
434 1782 563 1849 absente
582 1781 753 1870 confligere
771 1803 844 1846 cum
862 1778 963 1846 hoste.
1011 1779 1138 1871 Sprerit
1156 1790 1260 1846 tamen

195 1897 312 1963 nobilis
331 1897 454 1963 iuvenis
465 1896 628 1962 dictatoris
644 1894 829 1984 imperium,
846 1890 1148 1959 sireaSamnitibus
1160 1893 1261 1959 laces·

194 2011 270 2075 situs
289 2009 402 2087 fuerit,
425 2009 489 2076 sire
509 2009 665 2099 egregiam
686 2019 797 2072 nactus
818 2007 1018 2073 occasionem
1041 2007 1081 2072 ad
1103 2008 1260 2098 impetum

195 2123 375 2189 laciendum
398 2123 545 2188 omnibus
563 2120 649 2212 apud
668 2118 792 2185 hostem
814 2119 942 2197 solutis3
971 2117 1110 2209 denique
1129 2118 1169 2185 ad
1194 2117 1262 2184 lm-

196 2235 354 2314 brinium‚
374 2235 429 2301 ubi
443 2257 594 2326 prospere
615 2233 786 2323 pugnavit,
805 2232 964 2328 concitato
987 2233 1113 2322 agmine
1131 2234 1164 2297 in
1186 2231 1261 2297 hos-

196 2361 242 2415 tes
273 2348 430 2439 fugientes
454 2348 518 2413 ruit
539 2346 634 2413 irenis
653 2346 694 2411 ab
715 2346 806 2435 equis
825 2344 993 2423 detractis,
1015 2368 1079 2411 non
1100 2367 1174 2411 vero
1193 2345 1261 2413 Ro·

194 2463 295 2527 manis
315 2484 388 2527 cum
411 2461 539 2527 Graecis
566 2459 772 2550 permutatis,
804 2471 837 2523 ut
867 2457 1014 2523 Niebuhr
1039 2472 1046 2509 ¹
1074 2470 1262 2548 strategema

195 2573 339 2664 explicat.
363 2572 477 2662 Magna
487 2582 605 2661 strages
624 2582 793 2636 consecuta
814 2581 878 2648 est,
895 2591 991 2660 quam
1010 2580 1115 2636 tamen
1135 2571 1202 2636 noli
1220 2570 1261 2637 ad

196 2692 284 2755 2000
295 2684 433 2751 hostium
446 2682 594 2761 evehere,
604 2683 686 2748 sicut
697 2682 832 2748 Romani
843 2682 1004 2761 fecerunt,
1020 2683 1077 2773 qui
1093 2682 1209 2749 lamam
1221 2682 1261 2749 de

193 2822 283 2867 more
311 2798 391 2865 adeo
421 2810 557 2888 augent,
581 2809 616 2861 ut
646 2796 696 2862 rel
725 2796 773 2860 bis
798 2794 880 2861 illud
908 2794 1059 2861 accidisse
1079 2796 1262 2886 scripserint

193 2913 359 2989 nonnulli,
391 2912 469 2978 dum
499 2915 532 2976 in
558 2910 628 2976 aliis
655 2921 765 2975 contra
790 2908 958 2974 annalibus
987 2920 1053 2974 tota
1078 2931 1127 2974 res
1149 2910 1262 2977 omissa

194 3039 278 3105 erat;
311 3024 397 3115 apud
426 3023 660 3114 antiquissimos
690 3024 859 3112 scriptores
888 3021 978 3111 atqui
1008 3020 1095 3112 apud
1126 3021 1262 3088 Fabium

193 3140 352 3204 Pictorem
373 3157 436 3200 uua
457 3146 579 3200 tantum
601 3157 707 3225 pugna
728 3145 931 3199 memoratur.
978 3131 1073 3198 lussit
1092 3144 1169 3199 tunc
1194 3159 1262 3200 ma-

194 3252 291 3342 gister
318 3248 463 3339 equitum
489 3247 589 3337 spolia
618 3248 652 3312 iu
679 3269 828 3313 acervum
857 3258 1007 3337 congesta
1034 3246 1163 3313 subdito
1190 3249 1263 3339 igue

195 3362 407 3440 concremari,
439 3360 526 3452 quod
554 3371 609 3424 aut
636 3383 672 3426 es
698 3373 772 3426 roto
793 3360 889 3439 fecit,
917 3371 971 3424 aut
998 3382 1094 3451 quam
1120 3360 1261 3426 Pictor2

195 3476 290 3542 huius
309 3476 355 3541 rei
376 3496 503 3539 eausam
524 3472 668 3552 tradidit,
698 3495 780 3563 quae
803 3472 1004 3538 verisimilior
1025 3472 1160 3551 ridetur,
1188 3496 1263 3540 eum

195 3589 276 3655 illud
296 3589 422 3667 iecisse,
448 3610 488 3653 ne
508 3609 581 3652 suae
602 3586 721 3674 gloriae
743 3586 882 3651 fructum
907 3598 1036 3676 caperet
1054 3585 1206 3664 dictator,
1230 3586 1263 3651 iu

196 3715 259 3784 est,
293 3725 333 3768 ne
362 3712 471 3793 postea
491 3698 531 3764 ad
554 3697 752 3789 triumphum
777 3698 939 3764 dictatoris
962 3698 1140 3765 ornandum
1163 3700 1264 3790 spolia

196 3816 399 3894 inservirent,
423 3813 483 3879 nisi
507 3812 588 3879 forte
610 3812 654 3877 sic
674 3834 785 3877 carcre
804 3812 958 3891 voluerit,
983 3834 1023 3878 ne
1044 3811 1150 3878 hostes
1168 3835 1263 3903 prae·

199 3929 270 3995 dam
292 3929 480 4019 reciperent.
1158 3940 1161 3949 ’

241 4043 453 4109 Felicissimae
472 4063 598 4131 pugnae
618 4039 749 4104 nuntius
769 4060 869 4128 quum
889 4038 1021 4104 Romam
1042 4038 1081 4104 ad
1102 4038 1264 4128 Papirium

199 4157 311 4222 allatus
348 4166 413 4234 est,
448 4154 494 4220 ira
529 4166 584 4219 aut
614 4151 732 4218 insidia
765 4151 879 4217 exarsit
910 4152 1046 4217 dictator
1079 4151 1113 4216 io
1150 4163 1264 4219 contu·

197 4292 319 4336 macem
351 4268 535 4358 magistrum
564 4266 605 4331 de
638 4277 702 4331 tota
734 4263 902 4356 disciplina
930 4264 1061 4330 militari
1090 4264 1264 4344 sollicitus3

226 4511 246 4578 ι)
267 4509 351 4563 Varo.
366 4515 389 4563 1.
408 4514 458 4561 rsa
482 4511 520 4560 ea.
545 4509 615 4559 mer.
683 4506 703 4575 τ)
721 4509 760 4560 cr.
779 4508 811 4571 Q.
829 4507 893 4559 rar.
915 4507 1004 4573 fragm.
1029 4506 1140 4570 xxm,
1164 4523 1188 4572 p.
1213 4511 1271 4557 rso.
