<?xml version="1.0" encoding="UTF-8"?>
<!DOCTYPE html PUBLIC "-//W3C//DTD XHTML 1.0 Transitional//EN"
    "http://www.w3.org/TR/xhtml1/DTD/xhtml1-transitional.dtd">
<html xmlns="http://www.w3.org/1999/xhtml" xml:lang="en" lang="en">
 <head>
  <title>
</title>
<meta http-equiv="Content-Type" content="text/html;charset=utf-8" />
  <meta name='ocr-system' content='tesseract 3.04.00' />
  <meta name='ocr-capabilities' content='ocr_page ocr_carea ocr_par ocr_line ocrx_word'/>
</head>
<body>
  <div class='ocr_page' id='page_1' title='image "./disputatiodegen00servgoog_0304.png"; bbox 0 0 3210 5300; ppageno 0'>
   <div class='ocr_carea' id='block_1_1' title="bbox 299 458 1269 543">
    <p class='ocr_par' dir='ltr' id='par_1_1' title="bbox 299 458 1269 543">
     <span class='ocr_line' id='line_1_1' title="bbox 299 458 1269 543; baseline 0.005 -23"><span class='ocrx_word' id='word_1_1' title='bbox 299 458 359 542; x_wconf 78' lang='lat' dir='ltr'>§L</span> <span class='ocrx_word' id='word_1_2' title='bbox 381 476 528 521; x_wconf 76' lang='lat' dir='ltr'>ausones.</span> <span class='ocrx_word' id='word_1_3' title='bbox 548 459 610 542; x_wconf 67' lang='lat'>52.</span> <span class='ocrx_word' id='word_1_4' title='bbox 631 476 745 521; x_wconf 80' lang='lat' dir='ltr'>rnornrs</span> <span class='ocrx_word' id='word_1_5' title='bbox 756 458 825 522; x_wconf 83' lang='grc'><strong>459.</strong></span> <span class='ocrx_word' id='word_1_6' title='bbox 846 459 868 543; x_wconf 62' lang='grc'><strong>6</strong></span> <span class='ocrx_word' id='word_1_7' title='bbox 879 460 908 521; x_wconf 87' lang='grc'><strong>3.</strong></span> <span class='ocrx_word' id='word_1_8' title='bbox 929 478 1039 523; x_wconf 84' lang='lat' dir='ltr'>consur.</span> <span class='ocrx_word' id='word_1_9' title='bbox 1051 459 1075 523; x_wconf 94' lang='lat' dir='ltr'>I.</span> <span class='ocrx_word' id='word_1_10' title='bbox 1087 462 1155 525; x_wconf 89' lang='grc'><strong>462.</strong></span> <span class='ocrx_word' id='word_1_11' title='bbox 1208 461 1269 525; x_wconf 84' lang='grc'>287</span> 
     </span>
    </p>
   </div>
   <div class='ocr_carea' id='block_1_2' title="bbox 199 653 1271 2661">
    <p class='ocr_par' dir='ltr' id='par_1_2' title="bbox 201 653 1268 1311">
     <span class='ocr_line' id='line_1_2' title="bbox 203 653 1265 746; baseline 0.002 -26"><span class='ocrx_word' id='word_1_12' title='bbox 203 655 368 734; x_wconf 86' lang='lat' dir='ltr'>abhorret,</span> <span class='ocrx_word' id='word_1_13' title='bbox 392 654 468 720; x_wconf 88' lang='lat' dir='ltr'>hinc</span> <span class='ocrx_word' id='word_1_14' title='bbox 489 654 665 746; x_wconf 87' lang='lat' dir='ltr'>suspicatus</span> <span class='ocrx_word' id='word_1_15' title='bbox 684 677 752 720; x_wconf 89' lang='lat' dir='ltr'>sum</span> <span class='ocrx_word' id='word_1_16' title='bbox 772 653 937 721; x_wconf 89' lang='lat' dir='ltr'>historicos</span> <span class='ocrx_word' id='word_1_17' title='bbox 959 654 1084 746; x_wconf 75' lang='lat' dir='ltr'>Gurgiti</span> <span class='ocrx_word' id='word_1_18' title='bbox 1103 654 1265 735; x_wconf 82' lang='lat' dir='ltr'><strong>tribuisse,</strong></span> 
     </span>
     <span class='ocr_line' id='line_1_3' title="bbox 204 767 1267 860; baseline 0.002 -27"><span class='ocrx_word' id='word_1_19' title='bbox 204 780 238 833; x_wconf 91' lang='lat' dir='ltr'>ut</span> <span class='ocrx_word' id='word_1_20' title='bbox 265 767 394 859; x_wconf 78' lang='lat' dir='ltr'>Pighius</span> <span class='ocrx_word' id='word_1_21' title='bbox 422 768 505 834; x_wconf 91' lang='lat' dir='ltr'>illud</span> <span class='ocrx_word' id='word_1_22' title='bbox 532 780 642 860; x_wconf 89' lang='lat' dir='ltr'>postea</span> <span class='ocrx_word' id='word_1_23' title='bbox 666 768 759 848; x_wconf 89' lang='lat' dir='ltr'>fecit,</span> <span class='ocrx_word' id='word_1_24' title='bbox 789 768 983 836; x_wconf 73' lang='lat' dir='ltr'>aedilitatem</span> <span class='ocrx_word' id='word_1_25' title='bbox 1007 769 1083 834; x_wconf 83' lang='lat' dir='ltr'>nuni</span> <span class='ocrx_word' id='word_1_26' title='bbox 1104 773 1185 848; x_wconf 80' lang='lat'>455,</span> <span class='ocrx_word' id='word_1_27' title='bbox 1209 770 1267 860; x_wconf 92' lang='lat' dir='ltr'>qui</span> 
     </span>
     <span class='ocr_line' id='line_1_4' title="bbox 201 881 1268 962; baseline 0.002 -16"><span class='ocrx_word' id='word_1_28' title='bbox 201 903 286 947; x_wconf 81' lang='lat' dir='ltr'>enno</span> <span class='ocrx_word' id='word_1_29' title='bbox 308 885 372 948; x_wconf 88' lang='grc'>462</span> <span class='ocrx_word' id='word_1_30' title='bbox 393 881 561 948; x_wconf 78' lang='lat' dir='ltr'>consulatu</span> <span class='ocrx_word' id='word_1_31' title='bbox 579 881 709 947; x_wconf 82' lang='lat' dir='ltr'>functus</span> <span class='ocrx_word' id='word_1_32' title='bbox 729 893 790 962; x_wconf 88' lang='lat' dir='ltr'>est;</span> <span class='ocrx_word' id='word_1_33' title='bbox 813 882 967 948; x_wconf 83' lang='lat' dir='ltr'>uisiiorte</span> <span class='ocrx_word' id='word_1_34' title='bbox 985 904 1019 948; x_wconf 88' lang='lat' dir='ltr'>re</span> <span class='ocrx_word' id='word_1_35' title='bbox 1031 904 1103 948; x_wconf 78' lang='lat' dir='ltr'>vera</span> <span class='ocrx_word' id='word_1_36' title='bbox 1122 904 1268 948; x_wconf 90' lang='lat' dir='ltr'>annonae</span> 
     </span>
     <span class='ocr_line' id='line_1_5' title="bbox 201 992 1268 1084; baseline 0.003 -27"><span class='ocrx_word' id='word_1_37' title='bbox 201 993 314 1058; x_wconf 88' lang='lat' dir='ltr'>caritas</span> <span class='ocrx_word' id='word_1_38' title='bbox 334 993 449 1073; x_wconf 84' lang='lat' dir='ltr'>fuerit,</span> <span class='ocrx_word' id='word_1_39' title='bbox 474 1015 570 1084; x_wconf 86' lang='lat' dir='ltr'>quam</span> <span class='ocrx_word' id='word_1_40' title='bbox 592 993 740 1084; x_wconf 85' lang='lat' dir='ltr'>princeps</span> <span class='ocrx_word' id='word_1_41' title='bbox 760 1004 839 1058; x_wconf 89' lang='lat' dir='ltr'>tnnc</span> <span class='ocrx_word' id='word_1_42' title='bbox 857 993 890 1057; x_wconf 90' lang='lat' dir='ltr'>in</span> <span class='ocrx_word' id='word_1_43' title='bbox 913 992 1077 1084; x_wconf 77' lang='lat' dir='ltr'>republica</span> <span class='ocrx_word' id='word_1_44' title='bbox 1099 993 1268 1060; x_wconf 86' lang='lat' dir='ltr'>Rullianus</span> 
     </span>
     <span class='ocr_line' id='line_1_6' title="bbox 201 1105 1268 1195; baseline 0.001 -25"><span class='ocrx_word' id='word_1_45' title='bbox 201 1105 394 1195; x_wconf 81' lang='lat' dir='ltr'>mitigaverit</span> <span class='ocrx_word' id='word_1_46' title='bbox 409 1106 608 1172; x_wconf 89' lang='lat' dir='ltr'>frumentum</span> <span class='ocrx_word' id='word_1_47' title='bbox 624 1106 846 1186; x_wconf 82' lang='lat' dir='ltr'>convehendo,</span> <span class='ocrx_word' id='word_1_48' title='bbox 862 1107 950 1172; x_wconf 87' lang='lat' dir='ltr'>ouius</span> <span class='ocrx_word' id='word_1_49' title='bbox 967 1106 1014 1172; x_wconf 90' lang='lat' dir='ltr'>rei</span> <span class='ocrx_word' id='word_1_50' title='bbox 1030 1108 1113 1173; x_wconf 87' lang='lat' dir='ltr'>fama</span> <span class='ocrx_word' id='word_1_51' title='bbox 1128 1107 1161 1172; x_wconf 92' lang='lat' dir='ltr'>iu</span> <span class='ocrx_word' id='word_1_52' title='bbox 1179 1106 1268 1175; x_wconf 83' lang='lat' dir='ltr'>aedi·</span> 
     </span>
     <span class='ocr_line' id='line_1_7' title="bbox 203 1217 735 1311; baseline 0.011 -31"><span class='ocrx_word' id='word_1_53' title='bbox 203 1217 326 1284; x_wconf 88' lang='lat' dir='ltr'>litatem</span> <span class='ocrx_word' id='word_1_54' title='bbox 350 1232 553 1311; x_wconf 85' lang='lat' dir='ltr'>praepostere</span> <span class='ocrx_word' id='word_1_55' title='bbox 577 1220 735 1286; x_wconf 71' lang='lat' dir='ltr'>exerevit.</span> 
     </span>
    </p>

    <p class='ocr_par' dir='ltr' id='par_1_3' title="bbox 201 1329 1271 2200">
     <span class='ocr_line' id='line_1_8' title="bbox 250 1329 1269 1423; baseline 0 -26"><span class='ocrx_word' id='word_1_56' title='bbox 250 1329 370 1422; x_wconf 80' lang='lat' dir='ltr'>Gurges</span> <span class='ocrx_word' id='word_1_57' title='bbox 398 1355 482 1398; x_wconf 89' lang='lat' dir='ltr'>anno</span> <span class='ocrx_word' id='word_1_58' title='bbox 513 1337 578 1398; x_wconf 88' lang='grc'>459</span> <span class='ocrx_word' id='word_1_59' title='bbox 605 1331 801 1399; x_wconf 87' lang='lat' dir='ltr'>aedilitatem</span> <span class='ocrx_word' id='word_1_60' title='bbox 821 1333 934 1423; x_wconf 78' lang='lat' dir='ltr'>gessit,</span> <span class='ocrx_word' id='word_1_61' title='bbox 959 1344 1071 1423; x_wconf 88' lang='lat' dir='ltr'>quarto</span> <span class='ocrx_word' id='word_1_62' title='bbox 1090 1354 1175 1398; x_wconf 90' lang='lat' dir='ltr'>auno</span> <span class='ocrx_word' id='word_1_63' title='bbox 1195 1344 1269 1398; x_wconf 89' lang='lat' dir='ltr'>ante</span> 
     </span>
     <span class='ocr_line' id='line_1_9' title="bbox 202 1442 1271 1536; baseline 0 -27"><span class='ocrx_word' id='word_1_64' title='bbox 202 1445 420 1525; x_wconf 90' lang='lat' dir='ltr'>consulatum,</span> <span class='ocrx_word' id='word_1_65' title='bbox 435 1447 526 1512; x_wconf 90' lang='lat' dir='ltr'>cuins</span> <span class='ocrx_word' id='word_1_66' title='bbox 542 1446 588 1512; x_wconf 90' lang='lat' dir='ltr'>rei</span> <span class='ocrx_word' id='word_1_67' title='bbox 606 1446 710 1512; x_wconf 87' lang='lat' dir='ltr'>simile</span> <span class='ocrx_word' id='word_1_68' title='bbox 726 1446 910 1536; x_wconf 83' lang='lat' dir='ltr'>exemplum</span> <span class='ocrx_word' id='word_1_69' title='bbox 921 1457 1018 1511; x_wconf 84' lang='lat' dir='ltr'>exstat</span> <span class='ocrx_word' id='word_1_70' title='bbox 1028 1445 1061 1510; x_wconf 92' lang='lat' dir='ltr'>in</span> <span class='ocrx_word' id='word_1_71' title='bbox 1074 1445 1120 1510; x_wconf 88' lang='lat' dir='ltr'>Ti.</span> <span class='ocrx_word' id='word_1_72' title='bbox 1133 1442 1271 1511; x_wconf 87' lang='lat' dir='ltr'>Gracchi</span> 
     </span>
     <span class='ocr_line' id='line_1_10' title="bbox 203 1537 1270 1647; baseline -0.002 -24"><span class='ocrx_word' id='word_1_73' title='bbox 203 1537 347 1636; x_wconf 75' lang='lat' dir='ltr'>historia,</span> <span class='ocrx_word' id='word_1_74' title='bbox 372 1558 429 1647; x_wconf 91' lang='lat' dir='ltr'>qui</span> <span class='ocrx_word' id='word_1_75' title='bbox 451 1556 562 1623; x_wconf 87' lang='lat' dir='ltr'>aedilis</span> <span class='ocrx_word' id='word_1_76' title='bbox 583 1557 644 1623; x_wconf 85' lang='lat' dir='ltr'>luit</span> <span class='ocrx_word' id='word_1_77' title='bbox 664 1579 748 1622; x_wconf 90' lang='lat' dir='ltr'>anno</span> <span class='ocrx_word' id='word_1_78' title='bbox 769 1559 850 1635; x_wconf 83' lang='lat'>538,</span> <span class='ocrx_word' id='word_1_79' title='bbox 874 1556 986 1621; x_wconf 85' lang='lat' dir='ltr'>consul</span> <span class='ocrx_word' id='word_1_80' title='bbox 1007 1576 1092 1620; x_wconf 88' lang='lat' dir='ltr'>anno</span> <span class='ocrx_word' id='word_1_81' title='bbox 1111 1556 1270 1646; x_wconf 90' lang='lat' dir='ltr'>sequenti.</span> 
     </span>
     <span class='ocr_line' id='line_1_11' title="bbox 201 1668 1269 1761; baseline -0.002 -26"><span class='ocrx_word' id='word_1_82' title='bbox 201 1669 348 1735; x_wconf 79' lang='lat' dir='ltr'>innotuit</span> <span class='ocrx_word' id='word_1_83' title='bbox 375 1669 428 1735; x_wconf 90' lang='lat' dir='ltr'>hic</span> <span class='ocrx_word' id='word_1_84' title='bbox 456 1671 657 1760; x_wconf 87' lang='lat' dir='ltr'>magistratus</span> <span class='ocrx_word' id='word_1_85' title='bbox 683 1682 870 1761; x_wconf 91' lang='lat' dir='ltr'>propterea,</span> <span class='ocrx_word' id='word_1_86' title='bbox 895 1668 982 1760; x_wconf 88' lang='lat' dir='ltr'>quod</span> <span class='ocrx_word' id='word_1_87' title='bbox 1006 1680 1167 1734; x_wconf 89' lang='lat' dir='ltr'>matronas</span> <span class='ocrx_word' id='word_1_88' title='bbox 1185 1690 1269 1733; x_wconf 89' lang='lat' dir='ltr'>non·</span> 
     </span>
     <span class='ocr_line' id='line_1_12' title="bbox 201 1781 1271 1874; baseline -0.001 -26"><span class='ocrx_word' id='word_1_89' title='bbox 201 1783 306 1849; x_wconf 90' lang='lat' dir='ltr'>nullas</span> <span class='ocrx_word' id='word_1_90' title='bbox 330 1783 432 1874; x_wconf 87' lang='lat' dir='ltr'>stupri</span> <span class='ocrx_word' id='word_1_91' title='bbox 453 1782 615 1849; x_wconf 88' lang='lat' dir='ltr'>damnatas</span> <span class='ocrx_word' id='word_1_92' title='bbox 642 1781 681 1848; x_wconf 88' lang='lat' dir='ltr'>nd</span> <span class='ocrx_word' id='word_1_93' title='bbox 707 1782 866 1874; x_wconf 90' lang='lat' dir='ltr'>populum</span> <span class='ocrx_word' id='word_1_94' title='bbox 890 1781 1026 1874; x_wconf 85' lang='lat' dir='ltr'>pecunia</span> <span class='ocrx_word' id='word_1_95' title='bbox 1045 1781 1210 1860; x_wconf 76' lang='lat' dir='ltr'>multavit,</span> <span class='ocrx_word' id='word_1_96' title='bbox 1233 1804 1271 1847; x_wconf 87' lang='lat' dir='ltr'>ex</span> 
     </span>
     <span class='ocr_line' id='line_1_13' title="bbox 202 1891 1269 1986; baseline -0.001 -26"><span class='ocrx_word' id='word_1_97' title='bbox 202 1918 266 1986; x_wconf 90' lang='lat' dir='ltr'>qno</span> <span class='ocrx_word' id='word_1_98' title='bbox 294 1895 470 1961; x_wconf 92' lang='lat' dir='ltr'>multatitio</span> <span class='ocrx_word' id='word_1_99' title='bbox 501 1919 574 1962; x_wconf 88' lang='lat' dir='ltr'>aere</span> <span class='ocrx_word' id='word_1_100' title='bbox 594 1896 725 1961; x_wconf 80' lang='lat' dir='ltr'>Veneris</span> <span class='ocrx_word' id='word_1_101' title='bbox 750 1894 878 1973; x_wconf 89' lang='lat' dir='ltr'>aedem,</span> <span class='ocrx_word' id='word_1_102' title='bbox 912 1917 993 1983; x_wconf 86' lang='lat' dir='ltr'>quoe</span> <span class='ocrx_word' id='word_1_103' title='bbox 1020 1916 1121 1983; x_wconf 90' lang='lat' dir='ltr'>prope</span> <span class='ocrx_word' id='word_1_104' title='bbox 1139 1891 1269 1960; x_wconf 88' lang='lat' dir='ltr'>Gircnm</span> 
     </span>
     <span class='ocr_line' id='line_1_14' title="bbox 201 2005 1269 2099; baseline 0.002 -27"><span class='ocrx_word' id='word_1_105' title='bbox 201 2008 281 2088; x_wconf 88' lang='lat' dir='ltr'>fuit,</span> <span class='ocrx_word' id='word_1_106' title='bbox 304 2008 484 2075; x_wconf 77' lang='lat' dir='ltr'>faciendam</span> <span class='ocrx_word' id='word_1_107' title='bbox 503 2009 635 2074; x_wconf 85' lang='lat' dir='ltr'>curarit.</span> <span class='ocrx_word' id='word_1_108' title='bbox 675 2006 869 2099; x_wconf 91' lang='lat' dir='ltr'>Stuprorum</span> <span class='ocrx_word' id='word_1_109' title='bbox 889 2005 1044 2073; x_wconf 88' lang='lat' dir='ltr'>iudicium</span> <span class='ocrx_word' id='word_1_110' title='bbox 1063 2030 1161 2097; x_wconf 90' lang='lat' dir='ltr'>penes</span> <span class='ocrx_word' id='word_1_111' title='bbox 1180 2005 1269 2074; x_wconf 83' lang='lat' dir='ltr'>aedi·</span> 
     </span>
     <span class='ocr_line' id='line_1_15' title="bbox 201 2120 679 2200; baseline 0.006 -15"><span class='ocrx_word' id='word_1_112' title='bbox 201 2120 248 2188; x_wconf 88' lang='lat' dir='ltr'>les</span> <span class='ocrx_word' id='word_1_113' title='bbox 272 2145 354 2200; x_wconf 89' lang='lat' dir='ltr'>esse,</span> <span class='ocrx_word' id='word_1_114' title='bbox 378 2120 473 2187; x_wconf 90' lang='lat' dir='ltr'>docet</span> <span class='ocrx_word' id='word_1_115' title='bbox 497 2120 628 2187; x_wconf 90' lang='lat' dir='ltr'>historia</span> <span class='ocrx_word' id='word_1_116' title='bbox 655 2134 679 2188; x_wconf 89' lang='lat'>¹.</span> 
     </span>
    </p>

    <p class='ocr_par' dir='ltr' id='par_1_4' title="bbox 199 2231 1271 2551">
     <span class='ocr_line' id='line_1_16' title="bbox 246 2231 1269 2323; baseline -0.007 -19"><span class='ocrx_word' id='word_1_117' title='bbox 246 2235 329 2304; x_wconf 84' lang='lat' dir='ltr'>Satis</span> <span class='ocrx_word' id='word_1_118' title='bbox 346 2235 524 2302; x_wconf 84' lang='lat' dir='ltr'>verisimilis</span> <span class='ocrx_word' id='word_1_119' title='bbox 537 2232 675 2300; x_wconf 86' lang='lat' dir='ltr'>llaakhii</span> <span class='ocrx_word' id='word_1_120' title='bbox 695 2233 832 2323; x_wconf 88' lang='lat' dir='ltr'>suspicio</span> <span class='ocrx_word' id='word_1_121' title='bbox 842 2246 1002 2299; x_wconf 84' lang='lat' dir='ltr'>matronas</span> <span class='ocrx_word' id='word_1_122' title='bbox 1020 2231 1095 2297; x_wconf 85' lang='lat' dir='ltr'>istas</span> <span class='ocrx_word' id='word_1_123' title='bbox 1107 2254 1125 2297; x_wconf 83' lang='lat' dir='ltr'>e</span> <span class='ocrx_word' id='word_1_124' title='bbox 1137 2231 1269 2321; x_wconf 88' lang='lat' dir='ltr'>Gurgite</span> 
     </span>
     <span class='ocr_line' id='line_1_17' title="bbox 199 2342 1271 2438; baseline -0.005 -25"><span class='ocrx_word' id='word_1_125' title='bbox 199 2348 233 2415; x_wconf 92' lang='lat' dir='ltr'>in</span> <span class='ocrx_word' id='word_1_126' title='bbox 261 2347 310 2413; x_wconf 90' lang='lat' dir='ltr'>ius</span> <span class='ocrx_word' id='word_1_127' title='bbox 333 2360 459 2414; x_wconf 86' lang='lat' dir='ltr'>rooatas</span> <span class='ocrx_word' id='word_1_128' title='bbox 488 2369 555 2414; x_wconf 87' lang='lat' dir='ltr'>esse</span> <span class='ocrx_word' id='word_1_129' title='bbox 577 2357 710 2438; x_wconf 88' lang='lat' dir='ltr'>propter</span> <span class='ocrx_word' id='word_1_130' title='bbox 734 2345 930 2423; x_wconf 88' lang='lat' dir='ltr'>inimicitias,</span> <span class='ocrx_word' id='word_1_131' title='bbox 954 2366 1030 2433; x_wconf 88' lang='lat' dir='ltr'>quas</span> <span class='ocrx_word' id='word_1_132' title='bbox 1056 2342 1187 2434; x_wconf 90' lang='lat' dir='ltr'>gerebat</span> <span class='ocrx_word' id='word_1_133' title='bbox 1215 2342 1271 2408; x_wconf 92' lang='lat' dir='ltr'>ille</span> 
     </span>
     <span class='ocr_line' id='line_1_18' title="bbox 201 2456 1270 2551; baseline -0.004 -24"><span class='ocrx_word' id='word_1_134' title='bbox 201 2485 274 2528; x_wconf 88' lang='lat' dir='ltr'>cum</span> <span class='ocrx_word' id='word_1_135' title='bbox 291 2461 496 2527; x_wconf 88' lang='lat' dir='ltr'>nobilissimis</span> <span class='ocrx_word' id='word_1_136' title='bbox 507 2460 590 2540; x_wconf 86' lang='lat' dir='ltr'>istis,</span> <span class='ocrx_word' id='word_1_137' title='bbox 605 2459 725 2551; x_wconf 92' lang='lat' dir='ltr'>quippe</span> <span class='ocrx_word' id='word_1_138' title='bbox 737 2461 794 2549; x_wconf 90' lang='lat' dir='ltr'>qui</span> <span class='ocrx_word' id='word_1_139' title='bbox 809 2459 876 2549; x_wconf 88' lang='lat' dir='ltr'>ipse</span> <span class='ocrx_word' id='word_1_140' title='bbox 886 2457 1028 2524; x_wconf 90' lang='lat' dir='ltr'>moribus</span> <span class='ocrx_word' id='word_1_141' title='bbox 1039 2457 1151 2522; x_wconf 87' lang='lat' dir='ltr'>solutis</span> <span class='ocrx_word' id='word_1_142' title='bbox 1162 2456 1270 2523; x_wconf 88' lang='lat' dir='ltr'>fuerit.</span> 
     </span>
    </p>

    <p class='ocr_par' dir='ltr' id='par_1_5' title="bbox 246 2567 1270 2661">
     <span class='ocr_line' id='line_1_19' title="bbox 246 2567 1270 2661; baseline -0.007 -20"><span class='ocrx_word' id='word_1_143' title='bbox 246 2572 403 2641; x_wconf 88' lang='lat' dir='ltr'>Gohaeret</span> <span class='ocrx_word' id='word_1_144' title='bbox 428 2595 502 2638; x_wconf 92' lang='lat' dir='ltr'>cnm</span> <span class='ocrx_word' id='word_1_145' title='bbox 526 2572 611 2638; x_wconf 87' lang='lat' dir='ltr'>sama</span> <span class='ocrx_word' id='word_1_146' title='bbox 634 2572 749 2661; x_wconf 88' lang='lat' dir='ltr'>templi</span> <span class='ocrx_word' id='word_1_147' title='bbox 769 2571 900 2636; x_wconf 87' lang='lat' dir='ltr'>Veneris</span> <span class='ocrx_word' id='word_1_148' title='bbox 920 2572 987 2636; x_wconf 87' lang='lat' dir='ltr'>sine</span> <span class='ocrx_word' id='word_1_149' title='bbox 1007 2569 1107 2635; x_wconf 93' lang='lat' dir='ltr'>dubio</span> <span class='ocrx_word' id='word_1_150' title='bbox 1125 2568 1161 2635; x_wconf 90' lang='lat' dir='ltr'>id</span> <span class='ocrx_word' id='word_1_151' title='bbox 1181 2567 1270 2659; x_wconf 88' lang='lat' dir='ltr'>qnod</span> 
     </span>
    </p>
   </div>
   <div class='ocr_carea' id='block_1_3' title="bbox 201 2681 1269 2867">
    <p class='ocr_par' dir='ltr' id='par_1_6' title="bbox 201 2681 1269 2867">
     <span class='ocr_line' id='line_1_20' title="bbox 201 2681 1269 2777; baseline -0.002 -26"><span class='ocrx_word' id='word_1_152' title='bbox 201 2685 242 2753; x_wconf 91' lang='lat' dir='ltr'>de</span> <span class='ocrx_word' id='word_1_153' title='bbox 263 2686 395 2777; x_wconf 91' lang='lat' dir='ltr'>Gurgite</span> <span class='ocrx_word' id='word_1_154' title='bbox 416 2686 552 2776; x_wconf 90' lang='lat' dir='ltr'>legimus</span> <span class='ocrx_word' id='word_1_155' title='bbox 573 2684 658 2777; x_wconf 91' lang='lat' dir='ltr'>apud</span> <span class='ocrx_word' id='word_1_156' title='bbox 680 2684 807 2775; x_wconf 80' lang='lat' dir='ltr'>Virgilii</span> <span class='ocrx_word' id='word_1_157' title='bbox 823 2696 1092 2751; x_wconf 85' lang='lat' dir='ltr'>commentatores</span> <span class='ocrx_word' id='word_1_158' title='bbox 1108 2683 1141 2748; x_wconf 91' lang='lat' dir='ltr'>in</span> <span class='ocrx_word' id='word_1_159' title='bbox 1157 2681 1269 2749; x_wconf 86' lang='lat' dir='ltr'>codiee</span> 
     </span>
     <span class='ocr_line' id='line_1_21' title="bbox 202 2793 1269 2867; baseline -0.002 -3"><span class='ocrx_word' id='word_1_160' title='bbox 202 2798 355 2867; x_wconf 81' lang='lat' dir='ltr'>lluldensi</span> <span class='ocrx_word' id='word_1_161' title='bbox 374 2811 405 2865; x_wconf 79' lang='lat'>²:</span> <span class='ocrx_word' id='word_1_162' title='bbox 437 2799 571 2865; x_wconf 77' lang='lat' dir='ltr'>Fabium</span> <span class='ocrx_word' id='word_1_163' title='bbox 591 2811 735 2865; x_wconf 87' lang='lat' dir='ltr'>nostrum</span> <span class='ocrx_word' id='word_1_164' title='bbox 755 2797 876 2864; x_wconf 81' lang='lat' dir='ltr'>vovisse</span> <span class='ocrx_word' id='word_1_165' title='bbox 895 2797 1007 2864; x_wconf 91' lang='lat' dir='ltr'>aedem</span> <span class='ocrx_word' id='word_1_166' title='bbox 1028 2797 1145 2863; x_wconf 84' lang='lat' dir='ltr'>Veneri</span> <span class='ocrx_word' id='word_1_167' title='bbox 1167 2793 1269 2862; x_wconf 90' lang='lat' dir='ltr'>Obse-</span> 
     </span>
    </p>
   </div>
   <div class='ocr_carea' id='block_1_4' title="bbox 201 2910 1361 3231">
    <p class='ocr_par' dir='ltr' id='par_1_7' title="bbox 201 2910 1361 3231">
     <span class='ocr_line' id='line_1_22' title="bbox 202 2910 1267 3004; baseline -0.001 -27"><span class='ocrx_word' id='word_1_168' title='bbox 202 2913 316 3002; x_wconf 91' lang='lat' dir='ltr'>quenti</span> <span class='ocrx_word' id='word_1_169' title='bbox 331 2925 403 3004; x_wconf 87' lang='lat' dir='ltr'>post</span> <span class='ocrx_word' id='word_1_170' title='bbox 418 2913 542 2979; x_wconf 89' lang='lat' dir='ltr'>bellum</span> <span class='ocrx_word' id='word_1_171' title='bbox 559 2912 788 2992; x_wconf 87' lang='lat' dir='ltr'>Samniticum,</span> <span class='ocrx_word' id='word_1_172' title='bbox 810 2910 898 3002; x_wconf 91' lang='lat' dir='ltr'>quod</span> <span class='ocrx_word' id='word_1_173' title='bbox 914 2910 976 2976; x_wconf 89' lang='lat' dir='ltr'>sibi</span> <span class='ocrx_word' id='word_1_174' title='bbox 992 2911 1088 2977; x_wconf 83' lang='lat' dir='ltr'>fuerit</span> <span class='ocrx_word' id='word_1_175' title='bbox 1106 2910 1267 2976; x_wconf 88' lang='lat' dir='ltr'>obsecuta.</span> 
     </span>
     <span class='ocr_line' id='line_1_23' title="bbox 201 3021 1361 3117; baseline -0.002 -28"><span class='ocrx_word' id='word_1_176' title='bbox 201 3022 263 3090; x_wconf 84' lang='lat' dir='ltr'>Gui</span> <span class='ocrx_word' id='word_1_177' title='bbox 290 3025 336 3090; x_wconf 90' lang='lat' dir='ltr'>rei</span> <span class='ocrx_word' id='word_1_178' title='bbox 369 3026 394 3092; x_wconf 86' lang='lat' dir='ltr'>si</span> <span class='ocrx_word' id='word_1_179' title='bbox 423 3026 502 3094; x_wconf 88' lang='lat' dir='ltr'>fides</span> <span class='ocrx_word' id='word_1_180' title='bbox 530 3026 642 3093; x_wconf 88' lang='lat' dir='ltr'>haberi</span> <span class='ocrx_word' id='word_1_181' title='bbox 668 3037 788 3117; x_wconf 89' lang='lat' dir='ltr'>potest,</span> <span class='ocrx_word' id='word_1_182' title='bbox 812 3026 959 3092; x_wconf 84' lang='lat' dir='ltr'>militarit</span> <span class='ocrx_word' id='word_1_183' title='bbox 985 3024 1105 3115; x_wconf 90' lang='lat' dir='ltr'>Gurges</span> <span class='ocrx_word' id='word_1_184' title='bbox 1128 3025 1161 3089; x_wconf 89' lang='lat' dir='ltr'>in</span> <span class='ocrx_word' id='word_1_185' title='bbox 1182 3021 1269 3088; x_wconf 89' lang='lat' dir='ltr'>bello</span> <span class='ocrx_word' id='word_1_186' title='bbox 1358 3051 1361 3060; x_wconf 63' lang='grc'>’</span> 
     </span>
     <span class='ocr_line' id='line_1_24' title="bbox 201 3136 1268 3231; baseline 0.001 -30"><span class='ocrx_word' id='word_1_187' title='bbox 201 3136 260 3202; x_wconf 92' lang='lat' dir='ltr'>illo</span> <span class='ocrx_word' id='word_1_188' title='bbox 279 3140 342 3206; x_wconf 91' lang='lat' dir='ltr'>iam</span> <span class='ocrx_word' id='word_1_189' title='bbox 361 3152 435 3206; x_wconf 91' lang='lat' dir='ltr'>ante</span> <span class='ocrx_word' id='word_1_190' title='bbox 457 3140 669 3221; x_wconf 88' lang='lat' dir='ltr'>aedilitatem,</span> <span class='ocrx_word' id='word_1_191' title='bbox 690 3137 777 3231; x_wconf 88' lang='lat' dir='ltr'>quod</span> <span class='ocrx_word' id='word_1_192' title='bbox 796 3137 947 3231; x_wconf 90' lang='lat' dir='ltr'>equidem</span> <span class='ocrx_word' id='word_1_193' title='bbox 969 3160 1079 3228; x_wconf 88' lang='lat' dir='ltr'>urgere</span> <span class='ocrx_word' id='word_1_194' title='bbox 1098 3137 1268 3203; x_wconf 88' lang='lat' dir='ltr'>noluerim.</span> 
     </span>
    </p>
   </div>
   <div class='ocr_carea' id='block_1_5' title="bbox 540 3334 936 3422">
    <p class='ocr_par' dir='ltr' id='par_1_8' title="bbox 540 3334 936 3422">
     <span class='ocr_line' id='line_1_25' title="bbox 540 3334 936 3422; baseline -0.003 -20"><span class='ocrx_word' id='word_1_195' title='bbox 540 3339 558 3422; x_wconf 81' lang='lat'>§</span> <span class='ocrx_word' id='word_1_196' title='bbox 583 3341 614 3402; x_wconf 83' lang='lat'><strong>3.</strong></span> <span class='ocrx_word' id='word_1_197' title='bbox 665 3334 790 3402; x_wconf 79' lang='lat' dir='ltr'>Consul</span> <span class='ocrx_word' id='word_1_198' title='bbox 809 3334 835 3401; x_wconf 90' lang='lat' dir='ltr'>l.</span> <span class='ocrx_word' id='word_1_199' title='bbox 861 3338 936 3401; x_wconf 84' lang='lat'><strong>462.</strong></span> 
     </span>
    </p>
   </div>
   <div class='ocr_carea' id='block_1_6' title="bbox 407 3503 1055 3647">
    <p class='ocr_par' dir='ltr' id='par_1_9' title="bbox 407 3503 1055 3647">
     <span class='ocr_line' id='line_1_26' title="bbox 408 3503 1055 3576; baseline -0.009 -15"><span class='ocrx_word' id='word_1_200' title='bbox 408 3513 435 3576; x_wconf 78' lang='lat' dir='ltr'><strong>Q.</strong></span> <span class='ocrx_word' id='word_1_201' title='bbox 453 3512 553 3560; x_wconf 75' lang='lat' dir='ltr'><strong>FABIUS</strong></span> <span class='ocrx_word' id='word_1_202' title='bbox 572 3512 599 3575; x_wconf 80' lang='lat' dir='ltr'><strong>Q.</strong></span> <span class='ocrx_word' id='word_1_203' title='bbox 617 3511 643 3561; x_wconf 78' lang='lat' dir='ltr'>I.</span> <span class='ocrx_word' id='word_1_204' title='bbox 661 3513 689 3562; x_wconf 81' lang='lat' dir='ltr'>lli.</span> <span class='ocrx_word' id='word_1_205' title='bbox 708 3511 736 3560; x_wconf 85' lang='lat' dir='ltr'><strong>N.</strong></span> <span class='ocrx_word' id='word_1_206' title='bbox 755 3509 888 3559; x_wconf 72' lang='lat' dir='ltr'>nixibus</span> <span class='ocrx_word' id='word_1_207' title='bbox 907 3507 1018 3557; x_wconf 71' lang='lat' dir='ltr'>cuntes</span> <span class='ocrx_word' id='word_1_208' title='bbox 1036 3503 1055 3555; x_wconf 73' lang='lat'><strong>³.</strong></span> 
     </span>
     <span class='ocr_line' id='line_1_27' title="bbox 407 3595 898 3647; baseline 0 -3"><span class='ocrx_word' id='word_1_209' title='bbox 407 3598 434 3647; x_wconf 85' lang='lat' dir='ltr'><strong>D.</strong></span> <span class='ocrx_word' id='word_1_210' title='bbox 453 3597 549 3645; x_wconf 83' lang='lat' dir='ltr'>lUlllUS</span> <span class='ocrx_word' id='word_1_211' title='bbox 568 3598 597 3647; x_wconf 88' lang='grc' dir='ltr'><strong>Ι).</strong></span> <span class='ocrx_word' id='word_1_212' title='bbox 614 3598 639 3646; x_wconf 86' lang='lat' dir='ltr'><strong>F.</strong></span> <span class='ocrx_word' id='word_1_213' title='bbox 657 3596 766 3646; x_wconf 80' lang='lat' dir='ltr'>BRUTUS</span> <span class='ocrx_word' id='word_1_214' title='bbox 785 3595 898 3644; x_wconf 77' lang='lat' dir='ltr'>scitu.</span> 
     </span>
    </p>
   </div>
   <div class='ocr_carea' id='block_1_7' title="bbox 205 3735 1270 3943">
    <p class='ocr_par' dir='ltr' id='par_1_10' title="bbox 205 3735 1270 3943">
     <span class='ocr_line' id='line_1_28' title="bbox 249 3735 1268 3824; baseline -0.008 -19"><span class='ocrx_word' id='word_1_215' title='bbox 249 3739 355 3824; x_wconf 78' lang='lat' dir='ltr'>Quum</span> <span class='ocrx_word' id='word_1_216' title='bbox 375 3740 502 3806; x_wconf 92' lang='lat' dir='ltr'>comitia</span> <span class='ocrx_word' id='word_1_217' title='bbox 523 3740 700 3806; x_wconf 85' lang='lat' dir='ltr'>consularia</span> <span class='ocrx_word' id='word_1_218' title='bbox 718 3738 751 3804; x_wconf 90' lang='lat' dir='ltr'>in</span> <span class='ocrx_word' id='word_1_219' title='bbox 770 3737 857 3803; x_wconf 89' lang='lat' dir='ltr'>hunc</span> <span class='ocrx_word' id='word_1_220' title='bbox 875 3747 1022 3802; x_wconf 69' lang='lat' dir='ltr'>annumt</span> <span class='ocrx_word' id='word_1_221' title='bbox 1043 3735 1213 3810; x_wconf 91' lang='lat' dir='ltr'>instarent,</span> <span class='ocrx_word' id='word_1_222' title='bbox 1236 3743 1268 3798; x_wconf 90' lang='lat' dir='ltr'>et</span> 
     </span>
     <span class='ocr_line' id='line_1_29' title="bbox 205 3845 1270 3943; baseline -0.008 -24"><span class='ocrx_word' id='word_1_223' title='bbox 205 3853 326 3943; x_wconf 89' lang='lat' dir='ltr'>Gurges</span> <span class='ocrx_word' id='word_1_224' title='bbox 347 3852 430 3918; x_wconf 89' lang='lat' dir='ltr'>inter</span> <span class='ocrx_word' id='word_1_225' title='bbox 452 3851 638 3919; x_wconf 91' lang='lat' dir='ltr'>candidatos</span> <span class='ocrx_word' id='word_1_226' title='bbox 656 3862 795 3942; x_wconf 89' lang='lat' dir='ltr'>peteret,</span> <span class='ocrx_word' id='word_1_227' title='bbox 818 3850 934 3914; x_wconf 85' lang='lat' dir='ltr'>frustra</span> <span class='ocrx_word' id='word_1_228' title='bbox 948 3859 1039 3939; x_wconf 88' lang='lat' dir='ltr'>pater</span> <span class='ocrx_word' id='word_1_229' title='bbox 1056 3845 1186 3910; x_wconf 89' lang='lat' dir='ltr'>obnisus</span> <span class='ocrx_word' id='word_1_230' title='bbox 1203 3867 1270 3911; x_wconf 90' lang='lat' dir='ltr'>esse</span> 
     </span>
    </p>
   </div>
   <div class='ocr_carea' id='block_1_8' title="bbox 196 4091 1277 4589">
    <p class='ocr_par' dir='ltr' id='par_1_11' title="bbox 196 4091 1277 4589">
     <span class='ocr_line' id='line_1_30' title="bbox 231 4091 1277 4172; baseline -0.011 -15"><span class='ocrx_word' id='word_1_231' title='bbox 231 4104 251 4172; x_wconf 88' lang='lat'>¹)</span> <span class='ocrx_word' id='word_1_232' title='bbox 269 4108 326 4157; x_wconf 87' lang='lat' dir='ltr'>Liv.</span> <span class='ocrx_word' id='word_1_233' title='bbox 344 4106 423 4156; x_wconf 86' lang='lat' dir='ltr'><strong>VIII.</strong></span> <span class='ocrx_word' id='word_1_234' title='bbox 443 4110 491 4166; x_wconf 81' lang='lat'>22,</span> <span class='ocrx_word' id='word_1_235' title='bbox 509 4105 598 4155; x_wconf 91' lang='lat' dir='ltr'><strong>XXV.</strong></span> <span class='ocrx_word' id='word_1_236' title='bbox 617 4110 647 4164; x_wconf 78' lang='lat'>23</span> <span class='ocrx_word' id='word_1_237' title='bbox 664 4103 725 4154; x_wconf 83' lang='lat' dir='ltr'>Vel.</span> <span class='ocrx_word' id='word_1_238' title='bbox 743 4102 816 4151; x_wconf 74' lang='lat' dir='ltr'><strong>Max.</strong></span> <span class='ocrx_word' id='word_1_239' title='bbox 831 4102 879 4152; x_wconf 90' lang='lat' dir='ltr'>VI.</span> <span class='ocrx_word' id='word_1_240' title='bbox 901 4106 923 4148; x_wconf 93' lang='lat' dir='ltr'>l.</span> <span class='ocrx_word' id='word_1_241' title='bbox 944 4102 968 4149; x_wconf 84' lang='lat'><strong>7.</strong></span> <span class='ocrx_word' id='word_1_242' title='bbox 1021 4094 1041 4161; x_wconf 77' lang='lat'>²)</span> <span class='ocrx_word' id='word_1_243' title='bbox 1059 4093 1104 4145; x_wconf 78' lang='lat' dir='ltr'>Ad</span> <span class='ocrx_word' id='word_1_244' title='bbox 1113 4091 1206 4146; x_wconf 74' lang='lat' dir='ltr'><strong>AenI.</strong></span> <span class='ocrx_word' id='word_1_245' title='bbox 1218 4098 1277 4146; x_wconf 76' lang='lat'><strong>720.</strong></span> 
     </span>
     <span class='ocr_line' id='line_1_31' title="bbox 197 4179 1276 4253; baseline -0.01 -12"><span class='ocrx_word' id='word_1_246' title='bbox 197 4186 218 4253; x_wconf 78' lang='lat'>⁵)</span> <span class='ocrx_word' id='word_1_247' title='bbox 235 4191 305 4241; x_wconf 82' lang='lat' dir='ltr'>Fast.</span> <span class='ocrx_word' id='word_1_248' title='bbox 324 4191 364 4240; x_wconf 87' lang='lat' dir='ltr'>tri.</span> <span class='ocrx_word' id='word_1_249' title='bbox 383 4194 433 4240; x_wconf 82' lang='lat'>574</span> <span class='ocrx_word' id='word_1_250' title='bbox 439 4211 446 4249; x_wconf 78' lang='lat'><em>3</em></span> <span class='ocrx_word' id='word_1_251' title='bbox 463 4190 521 4239; x_wconf 83' lang='lat' dir='ltr'>Liv.</span> <span class='ocrx_word' id='word_1_252' title='bbox 539 4187 574 4238; x_wconf 86' lang='lat' dir='ltr'><strong>X.</strong></span> <span class='ocrx_word' id='word_1_253' title='bbox 589 4189 636 4248; x_wconf 82' lang='grc'>47;</span> <span class='ocrx_word' id='word_1_254' title='bbox 654 4188 714 4238; x_wconf 79' lang='lat' dir='ltr'>Vel.</span> <span class='ocrx_word' id='word_1_255' title='bbox 730 4187 802 4237; x_wconf 82' lang='lat' dir='ltr'><strong>Max.</strong></span> <span class='ocrx_word' id='word_1_256' title='bbox 820 4187 869 4237; x_wconf 88' lang='lat' dir='ltr'>IV.</span> <span class='ocrx_word' id='word_1_257' title='bbox 891 4190 912 4233; x_wconf 93' lang='lat'><strong>1.</strong></span> <span class='ocrx_word' id='word_1_258' title='bbox 932 4188 960 4243; x_wconf 83' lang='lat'>5;</span> <span class='ocrx_word' id='word_1_259' title='bbox 978 4184 1083 4246; x_wconf 81' lang='lat' dir='ltr'>Eutrop.</span> <span class='ocrx_word' id='word_1_260' title='bbox 1098 4181 1135 4231; x_wconf 90' lang='lat'>11.</span> <span class='ocrx_word' id='word_1_261' title='bbox 1155 4185 1184 4240; x_wconf 79' lang='lat'>93</span> <span class='ocrx_word' id='word_1_262' title='bbox 1203 4179 1276 4232; x_wconf 86' lang='lat' dir='ltr'>Oros.</span> 
     </span>
     <span class='ocr_line' id='line_1_32' title="bbox 197 4264 1275 4334; baseline -0.011 -8"><span class='ocrx_word' id='word_1_263' title='bbox 197 4277 248 4326; x_wconf 88' lang='lat'><strong>111.</strong></span> <span class='ocrx_word' id='word_1_264' title='bbox 273 4282 320 4334; x_wconf 76' lang='lat'>223</span> <span class='ocrx_word' id='word_1_265' title='bbox 346 4275 421 4324; x_wconf 91' lang='lat' dir='ltr'>Dion.</span> <span class='ocrx_word' id='word_1_266' title='bbox 444 4274 507 4324; x_wconf 85' lang='lat' dir='ltr'>Hel.</span> <span class='ocrx_word' id='word_1_267' title='bbox 529 4273 607 4324; x_wconf 88' lang='lat' dir='ltr'><strong>XVI.</strong></span> <span class='ocrx_word' id='word_1_268' title='bbox 634 4277 680 4333; x_wconf 84' lang='grc'>16;</span> <span class='ocrx_word' id='word_1_269' title='bbox 706 4273 757 4323; x_wconf 92' lang='lat' dir='ltr'>Dio</span> <span class='ocrx_word' id='word_1_270' title='bbox 779 4272 848 4322; x_wconf 78' lang='lat' dir='ltr'>Cass.</span> <span class='ocrx_word' id='word_1_271' title='bbox 871 4270 901 4319; x_wconf 85' lang='lat' dir='ltr'>fr.</span> <span class='ocrx_word' id='word_1_272' title='bbox 926 4271 969 4319; x_wconf 81' lang='grc'><strong>36.</strong></span> <span class='ocrx_word' id='word_1_273' title='bbox 987 4274 1034 4327; x_wconf 86' lang='grc'>30;</span> <span class='ocrx_word' id='word_1_274' title='bbox 1061 4267 1130 4317; x_wconf 85' lang='lat' dir='ltr'>Plut.</span> <span class='ocrx_word' id='word_1_275' title='bbox 1147 4264 1211 4316; x_wconf 80' lang='lat' dir='ltr'>Fas.</span> <span class='ocrx_word' id='word_1_276' title='bbox 1230 4272 1275 4326; x_wconf 78' lang='lat'>243</span> 
     </span>
     <span class='ocr_line' id='line_1_33' title="bbox 197 4348 1277 4418; baseline -0.01 -8"><span class='ocrx_word' id='word_1_277' title='bbox 197 4360 287 4410; x_wconf 85' lang='lat' dir='ltr'>Zonar.</span> <span class='ocrx_word' id='word_1_278' title='bbox 305 4361 383 4411; x_wconf 87' lang='lat' dir='ltr'><strong>VIII.</strong></span> <span class='ocrx_word' id='word_1_279' title='bbox 405 4364 433 4418; x_wconf 83' lang='lat'>13</span> <span class='ocrx_word' id='word_1_280' title='bbox 455 4358 580 4417; x_wconf 82' lang='lat' dir='ltr'>Cassiod.;</span> <span class='ocrx_word' id='word_1_281' title='bbox 598 4357 650 4407; x_wconf 88' lang='lat' dir='ltr'>An.</span> <span class='ocrx_word' id='word_1_282' title='bbox 669 4358 744 4417; x_wconf 85' lang='lat' dir='ltr'>Nor.;</span> <span class='ocrx_word' id='word_1_283' title='bbox 762 4356 831 4407; x_wconf 84' lang='lat' dir='ltr'>Fust.</span> <span class='ocrx_word' id='word_1_284' title='bbox 849 4355 899 4407; x_wconf 86' lang='lat' dir='ltr'>Sic.</span> <span class='ocrx_word' id='word_1_285' title='bbox 968 4348 989 4418; x_wconf 79' lang='lat' dir='ltr'>t)</span> <span class='ocrx_word' id='word_1_286' title='bbox 1006 4353 1064 4402; x_wconf 87' lang='lat' dir='ltr'>Liv.</span> <span class='ocrx_word' id='word_1_287' title='bbox 1082 4350 1118 4401; x_wconf 90' lang='lat' dir='ltr'>X.</span> <span class='ocrx_word' id='word_1_288' title='bbox 1136 4353 1184 4411; x_wconf 88' lang='grc'>47,</span> <span class='ocrx_word' id='word_1_289' title='bbox 1208 4352 1277 4415; x_wconf 88' lang='lat' dir='ltr'>Epit.</span> 
     </span>
     <span class='ocr_line' id='line_1_34' title="bbox 196 4434 1276 4509; baseline -0.008 -15"><span class='ocrx_word' id='word_1_290' title='bbox 196 4444 251 4509; x_wconf 86' lang='lat' dir='ltr'>XI;</span> <span class='ocrx_word' id='word_1_291' title='bbox 268 4446 328 4496; x_wconf 87' lang='lat' dir='ltr'>Val.</span> <span class='ocrx_word' id='word_1_292' title='bbox 337 4445 410 4493; x_wconf 77' lang='lat' dir='ltr'><strong>Max.</strong></span> <span class='ocrx_word' id='word_1_293' title='bbox 418 4444 468 4495; x_wconf 85' lang='lat' dir='ltr'>IV.</span> <span class='ocrx_word' id='word_1_294' title='bbox 481 4448 504 4491; x_wconf 88' lang='lat'><strong>1.</strong></span> <span class='ocrx_word' id='word_1_295' title='bbox 519 4447 548 4502; x_wconf 90' lang='lat'>5,</span> <span class='ocrx_word' id='word_1_296' title='bbox 564 4444 597 4494; x_wconf 89' lang='lat' dir='ltr'>V.</span> <span class='ocrx_word' id='word_1_297' title='bbox 618 4444 641 4491; x_wconf 86' lang='grc'><strong>7.</strong></span> <span class='ocrx_word' id='word_1_298' title='bbox 660 4447 686 4502; x_wconf 86' lang='grc'>1;</span> <span class='ocrx_word' id='word_1_299' title='bbox 704 4444 807 4507; x_wconf 84' lang='lat' dir='ltr'>Eutrop.</span> <span class='ocrx_word' id='word_1_300' title='bbox 818 4442 855 4491; x_wconf 92' lang='grc' dir='ltr'><strong>Π.</strong></span> <span class='ocrx_word' id='word_1_301' title='bbox 874 4445 888 4488; x_wconf 83' lang='lat'>9</span> <span class='ocrx_word' id='word_1_302' title='bbox 894 4461 901 4497; x_wconf 94' lang='lat'>;</span> <span class='ocrx_word' id='word_1_303' title='bbox 919 4437 991 4491; x_wconf 81' lang='lat' dir='ltr'>Oros.</span> <span class='ocrx_word' id='word_1_304' title='bbox 1009 4439 1121 4496; x_wconf 83' lang='lat'><strong>111.22;</strong></span> <span class='ocrx_word' id='word_1_305' title='bbox 1139 4436 1189 4485; x_wconf 91' lang='lat' dir='ltr'>Dio</span> <span class='ocrx_word' id='word_1_306' title='bbox 1206 4434 1276 4487; x_wconf 69' lang='lat' dir='ltr'>Caes.</span> 
     </span>
     <span class='ocr_line' id='line_1_35' title="bbox 198 4520 1245 4589; baseline -0.009 -11"><span class='ocrx_word' id='word_1_307' title='bbox 198 4528 228 4580; x_wconf 85' lang='lat' dir='ltr'>ir.</span> <span class='ocrx_word' id='word_1_308' title='bbox 245 4534 287 4580; x_wconf 82' lang='lat'><strong>36.</strong></span> <span class='ocrx_word' id='word_1_309' title='bbox 306 4535 354 4589; x_wconf 79' lang='lat'>30;</span> <span class='ocrx_word' id='word_1_310' title='bbox 372 4529 440 4579; x_wconf 81' lang='lat' dir='ltr'>Plut.</span> <span class='ocrx_word' id='word_1_311' title='bbox 458 4526 521 4578; x_wconf 61' lang='lat' dir='ltr'>Faba</span> <span class='ocrx_word' id='word_1_312' title='bbox 540 4532 586 4587; x_wconf 78' lang='lat'>243</span> <span class='ocrx_word' id='word_1_313' title='bbox 604 4526 693 4579; x_wconf 76' lang='lat' dir='ltr'>Zonar.</span> <span class='ocrx_word' id='word_1_314' title='bbox 712 4528 790 4580; x_wconf 87' lang='lat' dir='ltr'><strong>VHI.</strong></span> <span class='ocrx_word' id='word_1_315' title='bbox 812 4532 838 4585; x_wconf 92' lang='lat' dir='ltr'>l;</span> <span class='ocrx_word' id='word_1_316' title='bbox 856 4523 926 4580; x_wconf 81' lang='lat' dir='ltr'>Suld.</span> <span class='ocrx_word' id='word_1_317' title='bbox 944 4539 970 4577; x_wconf 75' lang='lat' dir='ltr'>v·</span> <span class='ocrx_word' id='word_1_318' title='bbox 990 4521 1095 4588; x_wconf 73' lang='grc' dir='ltr'><em>Φάβιος</em></span> <span class='ocrx_word' id='word_1_319' title='bbox 1112 4520 1245 4584; x_wconf 67' lang='grc' dir='ltr'><strong>Μάξιμος.</strong></span> 
     </span>
    </p>
   </div>
   <div class='ocr_carea' id='block_1_9' title="bbox 0 0 1610 5300">
    <p class='ocr_par' dir='ltr' id='par_1_12' title="bbox 0 0 1610 5300">
     <span class='ocr_line' id='line_1_36' title="bbox 0 0 1610 5300; baseline 0 0"><span class='ocrx_word' id='word_1_320' title='bbox 0 0 1610 5300; x_wconf 95' lang='lat' dir='ltr'> </span> 
     </span>
    </p>
   </div>
  </div>
 </body>
</html>
