3194 5302
392 470 413 554 ς
434 475 462 533 5.
492 488 603 533 sarnus
623 470 1012 536 cnuuaaensrs'275-277,
1203 475 1241 536 ts

167 668 228 733 tiae
249 667 469 734 Rornanorum
489 665 735 744 documentum,
756 664 841 731 unde
858 689 946 731 error
959 666 1054 732 facile
1066 677 1153 733 ortus
1169 690 1237 733 esse

164 793 272 871 potest
291 792 422 872 propter
437 779 576 845 cladium
597 777 849 845 similitudinem.
882 779 1039 870 Equidem
1060 778 1233 847 Ouidium¹

163 892 226 959 lrac
253 894 288 958 iu
317 915 352 958 re
379 891 469 983 sequi
495 892 601 971 malo,
629 891 821 958 scribentem
843 891 959 958 Fabios
979 892 1086 959 idibus
1106 893 1237 960 februa·

162 1007 235 1085 riis,
260 1006 356 1071 tertio
375 1004 428 1071 die
447 1015 521 1070 ante
539 1004 744 1096 Lupercalia,
763 1003 929 1085 cecidisse3
953 1026 1018 1071 non
1037 1006 1122 1072 enim
1144 1006 1237 1073 nobis

163 1142 291 1185 sumere
310 1119 403 1198 licet,
423 1116 639 1184 utNiebubr²
660 1117 907 1208 iecit,poetam,
924 1118 1118 1208 quicarmerr
1133 1118 1237 1186 hirto·

159 1233 265 1299 sicum
288 1231 406 1298 condet
426 1231 521 1323 quale
541 1231 707 1298 Fastorum
730 1253 828 1322 opus,
851 1253 970 1297 errasse
986 1232 1019 1298 in
1040 1231 1152 1299 diebus
1172 1232 1237 1299 illis

161 1358 196 1411 et
214 1355 414 1437 permutasse
433 1343 518 1409 diem
542 1364 608 1435 qno
627 1343 730 1409 Roma
749 1343 887 1435 proleoti
908 1355 982 1410 sunt
1001 1366 1074 1411 cum
1094 1344 1146 1411 die
1172 1369 1243 1437 quo·

159 1459 269 1526 clades
290 1457 421 1537 accidit3
441 1457 599 1522 contrarie
620 1457 729 1548 opinio
745 1458 841 1547 longe
858 1457 1058 1524 verisimilior
1073 1471 1137 1538 est,
1158 1457 1237 1526 Ovi-

161 1572 252 1638 dium
277 1594 380 1636 reram
403 1570 520 1636 famam
540 1592 677 1636 servasse
697 1569 729 1635 in
752 1571 874 1660 optimo
899 1593 1029 1661 quoque
1051 1571 1237 1638 kalendario

161 1685 306 1763 obviam,
329 1684 407 1750 dnm
428 1683 462 1748 in
485 1683 656 1749 canalibus
676 1683 842 1751 obliterata
864 1684 1003 1750 essetab
1024 1685 1184 1752 historicis
1202 1699 1234 1753 et

159 1800 197 1864 in
221 1798 308 1865 diem
329 1797 503 1864 Alliensem
526 1796 676 1863 translata
698 1808 830 1888 propter
851 1819 957 1863 rerum
983 1798 1237 1866 similitudinem.

160 1912 251 1996 Quae
272 1912 299 1977 si
319 1909 372 1975 cui
392 1911 475 1977 lorte
497 1933 559 1975 non
578 1909 698 2000 placet,
729 1922 858 2001 reputet
877 1931 1013 2000 quaeso,
1044 1934 1127 2001 quae
1147 1912 1235 1978 Lici·

159 2026 233 2091 nius
253 2024 361 2091 Macer
382 2022 499 2089 dehac
517 2022 584 2113 ipsa
604 2046 638 2088 re
654 2021 820 2089 tradidisse
837 2023 940 2089 fertur
955 2047 971 2088 a
990 2023 1082 2091 Livio
1096 2035 1124 2105 ³,
1143 2027 1234 2117 prin·

160 2139 282 2229 cipium
305 2159 420 2229 nempe
440 2136 536 2201 fuisso
556 2158 593 2201 ea
612 2158 742 2227 qnoque
763 2135 875 2216 clade,
894 2159 977 2226 qnae
993 2137 1032 2202 ad
1051 2136 1234 2206 Cremeram

158 2264 291 2342 accepta
319 2263 381 2339 est,
407 2251 527 2316 curiam
547 2249 716 2327 Faucium,
740 2272 824 2338 quae
844 2248 967 2315 duabus
989 2251 1135 2317 cladibus
1154 2253 1234 2318 insi·

158 2366 230 2457 gnis
249 2377 333 2444 erat,
358 2376 469 2454 captae
490 2363 586 2429 Urbis
607 2375 638 2427 et
659 2361 822 2428 Caudinae
845 2363 941 2453 pacis.
990 2363 1150 2431 Habemus
1169 2365 1232 2432 hoe

158 2479 233 2545 loco
261 2478 424 2568 egregium
454 2474 636 2566 exemplum
666 2473 834 2565 fingendae
859 2487 891 2540 et
913 2475 1110 2566 supplendae
1131 2477 1232 2544 histo·

158 2593 245 2672 riae,
278 2592 364 2683 quod
396 2591 436 2656 de
466 2612 526 2655 una
555 2611 588 2655 re
613 2586 779 2653 constabat
798 2587 839 2652 ad
860 2586 994 2653 alteram
1015 2589 1232 2672 referebatur3

157 2707 222 2771 iam
253 2704 333 2797 quid
360 2707 478 2770 mirum
507 2702 683 2768 ominatum
704 2700 788 2767 diem
806 2712 939 2792 propter
958 2701 1133 2769 Alliensem
1163 2705 1232 2771 cla·

157 2819 249 2899 dem,
278 2816 417 2883 eundern
438 2829 474 2882 ut
503 2815 591 2882 curie
616 2815 675 2881 ista
696 2814 738 2880 ob
762 2812 1001 2881 Cremerensem
1021 2839 1152 2908 quoque
1173 2843 1232 2886 ne-

156 2932 275 2997 fastum
304 2930 404 2998 rideri
428 2929 596 2995 historicis.
647 2927 685 2992 ln
711 2928 798 2993 fastis
816 2927 1011 3019 uetustisque
1031 2930 1144 2997 diebus
1164 2932 1232 3000 Ro·

157 3067 270 3111 manos
289 3044 366 3109 olim
385 3066 448 3109 uon
468 3043 542 3108 satis
562 3054 709 3107 accurate
722 3054 861 3107 versatos
881 3064 948 3107 esse
968 3056 1107 3124 constat,
1126 3068 1230 3112 sacer·

156 3158 248 3224 dotes
268 3156 381 3224 harum
401 3180 507 3222 rerum
528 3156 689 3221 scientiam
710 3155 770 3220 sibi
790 3166 914 3220 tantum
930 3154 1107 3221 diutissime
1127 3180 1229 3224 reser-

156 3279 289 3347 varunt,
318 3266 394 3333 inde
415 3291 491 3356 vaga
513 3265 670 3357 quaedam
693 3265 807 3331 notitia
831 3265 872 3330 ad
892 3266 1049 3356 populum
1071 3291 1229 3358 perrene-

156 3394 223 3461 rat,
243 3382 300 3472 qui
320 3393 356 3446 ut
376 3379 438 3446 boc
458 3380 640 3470 exemplum
662 3378 794 3445 afferam
817 3402 854 3444 er
873 3379 1039 3446 Macrobio
1052 3395 1080 3459 ⁴,
1098 3384 1229 3450 tenebat

155 3493 310 3559 memoria
329 3515 435 3581 regem
457 3491 601 3558 Serrium
623 3492 717 3557 nonis
736 3514 803 3557 esse
825 3503 951 3570 natum,
968 3492 1020 3558 sed
1033 3494 1228 3585 quiignora-

154 3607 211 3672 bat
232 3606 399 3672 cuiusnam
418 3606 555 3686 mensis,
576 3606 621 3671 ite
636 3617 673 3670 ut
689 3604 855 3696 religionis
873 3627 967 3671 causa
983 3608 1114 3696 siugulis
1133 3611 1226 3676 nonis

155 3744 230 3787 eum
260 3721 412 3800 coluerit;
437 3720 481 3785 sic
501 3720 613 3810 religio
635 3719 792 3810 quaedam
812 3720 957 3786 obstabat
978 3721 1090 3787 diebus
1108 3725 1227 3812 postri-

154 3834 268 3900 duanis
281 3834 323 3900 ob
339 3857 465 3900 causam
477 3833 588 3913 credo,
598 3856 728 3924 quaeer
741 3856 803 3899 una
818 3845 944 3899 tantum
962 3833 1054 3900 clade
1069 3836 1225 3926 originem
1265 3920 1268 3925 ξ

155 3946 312 4015 trahebat
362 3946 449 4032 Quae
473 3948 515 4013 de
535 3948 592 4014 die
609 3949 758 4014 Alliensi
778 3948 829 4014 Fr.
849 3947 1013 4015 Lachman
1031 3948 1225 4040 disputarit,

153 4062 312 4151 inspicere
342 4084 405 4126 non
436 4061 547 4139 licuit,
577 4061 741 4150 ingeniosa
771 4061 921 4127 ridentur
943 4084 1002 4128 uec
1025 4085 1099 4130 rero
1119 4088 1222 4131 meum

157 4175 340 4264 opinionem
365 4175 557 4242 convellant.

185 4446 291 4581 ganne
320 4451 357 4499 11.
387 4456 448 4511 ros,
477 4454 535 4501 ror.
607 4449 627 4516 ²>
651 4446 685 4499 R.
707 4448 737 4501 G.
763 4452 800 4501 11.
827 4456 875 4501 aar
901 4466 925 4501 n.
949 4457 1007 4501 tn.
1079 4447 1165 4520 ³)1x.
1185 4458 1227 4504 as.

146 4530 172 4597 ⁴)
228 4541 242 4582 r.
260 4536 283 4584 1.
305 4541 344 4584 rs.
