3190 5304
282 457 303 542 §
327 460 353 522 l.
375 475 533 522 touonrsr.
551 459 572 544 ς
593 461 621 523 2.
642 475 834 522 unnrrrocn.
852 457 874 542 ς
895 461 924 521 3.
946 477 1078 522 roseros
1099 460 1169 522 635.
1210 459 1269 522 413

207 675 321 720 scoene
350 653 536 734 adamabat,
567 653 652 728 uude
679 656 769 746 sequi
799 653 922 721 ridetur
941 655 1107 721 llburnum
1128 665 1270 723 nostrum

207 777 339 857 propter
356 766 527 833 eandorem
546 789 638 833 suum
657 779 797 833 amatum
816 767 912 832 fuisse
932 791 950 832 a
969 765 1045 833 Iore
1063 768 1170 833 neseio
1189 789 1269 859 quo,

206 876 298 967 atqui
324 875 447 942 dietum
477 876 558 943 illud
586 877 727 944 divinum
753 877 794 945 de
818 877 954 944 fulmine
976 878 1201 970 explicandum
1223 880 1270 945 vi·

209 988 304 1056 detur
322 1012 381 1079 per
400 1012 464 1056 rern
488 989 694 1071 obscoenam,
720 1002 755 1056 ut
776 992 833 1082 qui
854 990 1035 1082 obsignatus
1056 1004 1102 1057 est
1122 993 1270 1083 posticis,

208 1102 289 1168 ictus
312 1102 410 1170 fuerit
436 1103 469 1167 in
494 1103 638 1193 partibus
656 1104 858 1170 mollioribus
877 1104 1014 1171 fulmine
1035 1105 1172 1185 seilicet,
1196 1129 1271 1171 nam

208 1228 340 1307 propter
364 1215 450 1282 Festi
481 1215 697 1284 testimonium
726 1240 791 1282 non
822 1241 840 1282 a
869 1218 1010 1308 corporis
1030 1218 1201 1309 exiguitate
1227 1218 1271 1283 sic

211 1327 314 1395 dietus
333 1350 400 1394 esse
422 1327 555 1394 ridetur.

575 1480 593 1564 §
619 1481 649 1542 2.
700 1476 915 1569 Genealogia.

257 1622 402 1706 Quonam
430 1633 522 1712 patre
553 1621 703 1687 Eburnus
731 1634 824 1687 natus
845 1622 899 1700 sit,
919 1622 1116 1712 ignoramus3
1139 1636 1274 1691 atcerte

160 1752 165 1763 ’
211 1759 275 1802 non
296 1733 495 1824 Allobrogici
516 1732 586 1825 (50)
609 1733 670 1799 fuit
691 1734 791 1813 filius,
811 1735 868 1825 qui
889 1736 1015 1801 bannis
1030 1749 1104 1802 ante
1128 1748 1274 1803 nostrum

211 1845 321 1913 consul
343 1846 420 1927 fuit,
445 1858 555 1913 contra
574 1846 717 1939 aequalis
732 1848 819 1913 illius
833 1846 947 1913 habuit
964 1847 1177 1916 Servilianum
1201 1850 1273 1937 (49)

211 1974 348 2051 patrem,
371 1983 446 2026 narn
466 1963 509 2025 26
529 1961 606 2025 anni
621 1960 705 2025 inter
719 1961 817 2051 patris
832 1960 958 2051 filiique
975 1963 1159 2028 consulatus
1176 1963 1276 2029 inter·

212 2073 347 2152 cedunt,
377 2072 453 2138 dum
481 2095 518 2139 er
544 2071 668 2138 Lirio¹
697 2083 821 2138 constat
844 2073 1085 2166 Allobrogicum
1108 2075 1277 2142 Aemiliani

214 2189 285 2273 (48)
318 2185 414 2250 fuisse
442 2186 556 2251 fllium.
603 2184 718 2250 Kraftii
736 2208 893 2265 errorem,
924 2190 980 2276 qui
1009 2210 1083 2252 eum
1108 2185 1278 2254 Serviliani

210 2300 318 2391 posuit
329 2299 434 2365 fllium
444 2298 628 2388 adoptivum
641 2298 778 2378 scilieet,
793 2298 896 2388 ipsum
910 2322 1027 2365 nomen
1039 2301 1138 2367 nostri
1150 2301 1276 2367 refellit.

544 2437 561 2519 §
588 2439 617 2501 3.
666 2435 815 2501 Praetor
839 2437 904 2501 635
929 2445 954 2501 ².

259 2571 410 2662 Suspicor
430 2582 572 2636 nostrum
601 2582 713 2661 quarto
745 2593 829 2636 anno
857 2583 931 2636 ante
959 2573 1157 2637 consulatum
1183 2572 1279 2639 fuisse

213 2698 409 2779 praetorem,
433 2696 528 2776 atque
547 2685 693 2750 sortitum
718 2707 785 2750 csse
805 2685 1024 2774 quaestionem
1045 2685 1085 2751 de
1106 2686 1278 2753 maiestate.

215 2800 309 2865 llunc
328 2800 413 2866 enim
442 2797 555 2865 Cicero
575 2798 731 2888 respicere
753 2796 892 2878 ridetur,
917 2797 973 2862 ubi
992 2796 1124 2864 inducit
1134 2798 1170 2865 L.
1187 2796 1280 2865 Cras-

215 2936 283 2979 sum
309 2924 504 2979 narrantem:
535 2934 568 2978 se
588 2910 863 2977 adolescentulum
885 2933 969 2975 anno
988 2912 1100 2977 aetatis
1119 2916 1159 2978 21
1184 2933 1281 2977 aecu-

215 3048 303 3115 susse
316 3024 351 3094 G.
364 3025 522 3117 Papirium
537 3024 732 3103 Carbonem,
751 3037 783 3089 et
798 3024 830 3088 in
851 3022 945 3088 huius
964 3024 1172 3090 accusationis
1188 3025 1280 3090 initio

216 3150 280 3205 tota
310 3149 417 3204 mente
439 3149 536 3228 atque
559 3138 706 3204 omnibus
736 3136 856 3202 artibus
885 3138 1112 3203 contremuisse
1140 3137 1281 3226 denique

217 3252 431 3317 exanimatum
449 3251 561 3329 fuisse,
583 3250 647 3316 iam
669 3250 785 3316 frustra
805 3250 901 3339 igitur
927 3248 1086 3338 Papirium
1106 3261 1282 3315 accusasset

216 3374 248 3428 et
267 3363 313 3428 rei
333 3373 484 3451 patronus
502 3360 644 3426 irruisset
662 3360 697 3425 in
715 3360 853 3425 fractum
878 3371 911 3425 et
931 3359 1133 3426 debilitatum
1153 3382 1283 3427 accusa-

217 3487 333 3554 torem,
367 3474 428 3540 nisi
460 3474 497 3558 Q.
529 3473 683 3540 Maximus
714 3485 837 3552 noster,
871 3473 928 3562 qui
956 3486 1099 3563 praeerat
1131 3473 1281 3553 consilio,

218 3588 386 3656 dimisisset
405 3586 485 3653 illud
508 3588 602 3653 etsie
621 3611 746 3654 summo
765 3586 923 3652 beneficio
940 3584 1086 3653 Crassum
1106 3598 1187 3652 esset
1206 3611 1282 3678 pro-

220 3714 354 3768 secutus.

587 3817 655 3901 §a
706 3812 831 3880 conen
852 3815 925 3882 aas.

440 3960 467 4023 Q.
485 3958 585 4007 rictus
604 3959 630 4022 Q.
647 3959 672 4007 r.
691 3958 717 4021 Q.
736 3958 764 4007 u.
782 3957 915 4006 nrxrnus
933 3956 1071 4005 crunnus

442 4045 467 4092 u.
485 4043 608 4092 neruus
626 4043 651 4092 r.
668 4044 692 4093 r.
710 4043 784 4091 curt
799 4039 818 4091 ὅ.

268 4157 459 4225 Consulatus
477 4159 579 4222 nostri
596 4156 717 4222 mentio
737 4154 864 4220 nonnisi
883 4152 968 4244 apud
988 4151 1178 4218 Frontinum
1200 4152 1285 4218 rin-

223 4273 349 4338 renitur
378 4293 438 4337 nee
463 4270 662 4363 incorrupta,
686 4293 760 4336 narn
780 4291 926 4335 censores
944 4267 994 4332 illi
1023 4264 1207 4332 ferebantur
1229 4267 1286 4356 qui

252 4436 272 4503 ¹)
289 4439 357 4501 Epit.
375 4437 449 4523 1³5¹·
518 4432 539 4503 ’l
556 4435 608 4487 Cic.
627 4434 656 4484 de
673 4444 735 4487 orat.
753 4438 776 4487 1.
791 4438 823 4485 26
838 4435 852 4501 ᾗ
869 4439 926 4484 121.
995 4429 1016 4500 ⁵)
1033 4433 1120 4486 Front.
1141 4428 1291 4498 Aquoedccr.

219 4526 265 4583 965
283 4522 407 4583 Cassiod.;
426 4523 478 4573 An.
495 4521 572 4581 Nom
589 4521 658 4573 rosc.
676 4521 728 4574 Sic.
780 4518 802 4588 ⁴)
818 4517 964 4584 Aquccduct.
983 4522 1024 4569 96.
