3154 5294
326 462 384 523 142
487 478 518 521 n.
531 476 635 519 rrnros
646 476 674 521 n.
685 477 712 519 r.
724 475 754 516 n.
766 474 796 518 rr.
808 473 922 517 eternus
933 453 1008 536 (32).
1029 454 1091 536 52.
1106 471 1234 517 nunnus.

327 652 457 744 Pighius
476 653 598 743 ubique
618 663 800 742 quaestores
819 649 959 719 urbanos
977 671 1036 717 neo
1057 649 1172 715 frustra
1193 650 1398 739 perquirens,

326 765 383 831 ubi
422 764 545 854 saepius
586 786 652 828 non
688 774 778 828 erant
814 761 1018 840 inveniundi,
1052 760 1144 831 nobis
1173 761 1325 851 imposuit
1358 762 1397 828 ad

326 899 445 943 annum
468 880 533 952 508
553 888 685 968 propter
703 875 790 941 hune
811 875 995 954 denarium,
1020 875 1062 940 M.
1083 875 1217 941 Fabium
1241 874 1275 943 C.
1289 876 1311 944 f.
1322 875 1356 943 G.
1368 901 1398 943 n.

327 989 494 1069 Licinum,
519 1012 615 1080 quem
634 989 793 1057 contendo
811 1001 911 1057 toturn
933 1000 1088 1078 quantum
1111 988 1152 1057 de
1172 1011 1229 1054 suo
1251 990 1326 1054 satis
1347 992 1398 1055 in·

327 1104 465 1171 feliciter
494 1104 622 1183 fictum3
655 1103 757 1169 voluit
782 1124 899 1192 nempe
922 1102 1082 1171 consulari
1103 1114 1212 1169 nostro
1233 1101 1341 1171 Marco
1363 1102 1399 1170 (l.

328 1217 397 1285 filio
419 1217 463 1287 M.
473 1218 584 1306 nepoti
599 1217 668 1306 (32)
690 1216 796 1283 filiurn
813 1217 971 1298 tribuere,
990 1215 1082 1280 etsie
1099 1215 1270 1306 progenuit
1280 1216 1324 1285 Μ.
1336 1216 1399 1281 Pa-

326 1331 417 1397 bium
449 1328 575 1396 hunone
603 1328 640 1396 C.
661 1329 682 1395 f.
705 1328 740 1396 C.
761 1352 811 1408 n.,
840 1330 942 1419 quisi
967 1351 1109 1418 unquam
1131 1328 1258 1406 fuisset,
1282 1328 1403 1397 Marsi

327 1444 412 1511 filius
439 1442 475 1511 G.
507 1467 607 1533 nepos
637 1466 703 1511 esse
730 1442 901 1509 debuisset.
956 1441 1075 1509 contra
1102 1442 1246 1509 voluerat
1275 1443 1401 1511 nummi

327 1568 457 1636 auctor,
491 1558 547 1646 qni
576 1580 648 1623 eurn
680 1556 862 1646 vulgaverat
886 1554 924 1620 ed
951 1577 1073 1621 annum
1098 1560 1183 1633 5083
1212 1566 1242 1619 ar
1261 1577 1320 1644 per
1337 1554 1400 1623 boo

327 1672 431 1761 ipsum
465 1670 570 1735 elucet
598 1669 704 1747 fraus,
734 1693 808 1735 narn
837 1692 901 1758 qno
930 1692 1014 1734 anno
1042 1667 1159 1734 Fabius
1183 1668 1297 1734 oonsul
1321 1667 1401 1747 luit,

327 1782 450 1848 nullam
469 1781 606 1848 Romani
625 1783 793 1847 victoriam
810 1782 956 1847 navalem
980 1793 1202 1872 reportarunt,
1223 1805 1319 1872 quam
1339 1782 1398 1848 tri·

327 1895 422 1963 remis
441 1894 608 1964 iudicaret.
644 1894 737 1979 Quod
756 1917 855 1985 quum
875 1893 1004 1984 Pighius
1019 1895 1193 1985 perspexit,
1210 1916 1275 1962 nou
1292 1906 1400 1965 tamen

327 2028 421 2073 ausus
449 2005 548 2073 fidem
575 2007 605 2071 ei
625 2006 789 2096 abnegare
824 2028 920 2095 quem
946 2026 1123 2096 numquam
1153 2005 1292 2085 viderat,
1321 2007 1402 2075 falsa

329 2142 365 2184 ex
386 2118 472 2184 falsis
494 2120 608 2199 seruit3
631 2120 765 2211 arripuit
783 2142 900 2209 nempe
918 2118 1119 2209 triumphurn
1136 2120 1282 2189 navalem
1293 2121 1318 2187 P
1321 2119 1400 2189 ulvii

330 2230 531 2312 Centuma1i3
565 2246 596 2299 at
626 2233 671 2299 nil
702 2233 880 2324 quidquam
908 2233 941 2297 in
966 2233 1097 2298 denario
1122 2233 1278 2312 oernitur,
1311 2234 1398 2324 qnod
1518 2269 1520 2275 ·
1561 2224 1562 2267 3

328 2345 484 2413 indicaret
515 2370 589 2414 eum
619 2360 761 2438 spectare
783 2346 953 2425 Fulvium,
976 2347 1011 2411 in
1033 2346 1122 2413 euius
1143 2345 1297 2413 honorem
1317 2359 1397 2415 esset

328 2458 479 2548 signatus.
545 2458 689 2550 Signavit
728 2483 802 2527 eum
832 2471 982 2550 quaestor
1011 2459 1053 2525 M.
1082 2459 1199 2527 Fabius
1229 2458 1263 2526 G.
1293 2459 1334 2538 f.;
1366 2471 1399 2526 at

329 2595 426 2662 quern
447 2573 509 2639 sibi
529 2573 631 2639 voluit
651 2572 797 2663 Pighius,
823 2585 870 2638 est
886 2573 929 2639 M.
943 2573 964 2638 f.
1012 2572 1126 2662 Neque
1141 2571 1282 2641 melioris
1300 2572 1400 2663 frugis

330 2701 377 2755 est
398 2686 432 2751 P.
453 2684 606 2753 Claudius
627 2688 702 2752 iste:
727 2688 878 2776 cogitavit
898 2685 938 2751 de
957 2686 991 2752 Ρ.
1013 2684 1149 2753 Claudio
1169 2685 1309 2755 Pulchro
1326 2686 1360 2753 P.
1374 2687 1398 2752 f.

331 2798 412 2888 App.
431 2821 480 2878 n.;
507 2800 581 2866 satis
599 2813 821 2890 praepostere,
846 2822 919 2864 nam
943 2798 1094 2865 Claudios
1116 2801 1170 2888 qui
1189 2811 1267 2865 tune
1285 2822 1399 2890 quaes·

329 2923 380 2976 tor
405 2910 531 2991 fuisset,
555 2912 662 2978 Publii
682 2911 782 2991 filius,
805 2912 965 3001 gaudebat
986 2912 1194 3002 praenomine
1226 2912 1339 3004 Appii,
1364 2927 1397 2979 et

329 3024 442 3091 consul
469 3024 531 3090 fuir
560 3048 644 3091 anno
668 3030 751 3103 542,
777 3027 867 3093 euius
885 3027 971 3093 filius
992 3049 1065 3092 vero
1086 3025 1217 3093 Publius
1237 3026 1300 3091 fuit
1319 3050 1398 3095 oon·

329 3137 378 3203 sul
407 3140 482 3204 enni
512 3143 588 3206 570.
632 3137 844 3231 Quocumque
874 3152 906 3205 te
937 3151 1057 3217 vertes,
1086 3138 1194 3230 plures
1225 3154 1398 3208 naseuntur

330 3274 464 3331 errores,
487 3253 550 3319 iarn
573 3251 758 3319 Goltnianus
774 3275 923 3319 nummus
941 3253 1025 3319 rnale
1040 3252 1199 3321 mulcatus
1219 3253 1399 3325 dimittatur

275 3418 278 3425 .
330 3380 362 3433 et
382 3366 559 3456 requieseat
579 3365 750 3457 Pighianns
772 3367 907 3445 Fabius,
931 3366 971 3432 de
995 3389 1060 3457 quo
1080 3367 1231 3458 singulari
1253 3371 1270 3455 §
1291 3369 1396 3436 dicere

330 3503 394 3547 noo
419 3478 535 3547 lubuit.
