3154 5294
325 426 382 489 ltt
458 444 758 491 exammanda.
775 443 877 489 emron
889 426 965 510 (22).
990 426 1048 505 (2.
1065 438 1256 491 onnnxsoou.

370 629 437 692 Iam
458 627 541 691 inter
560 637 698 715 quatuor
716 625 839 690 Maroos
861 623 916 715 qui
937 636 1014 689 tune
1035 625 1178 690 vixerunt
1201 625 1290 716 optio
1311 624 1390 693 faei-

322 740 406 805 enda
434 752 499 819 est,
530 761 668 830 quorum
696 738 759 804 duo
793 743 848 824 (13
873 749 904 803 et
928 737 981 825 15)
1003 752 1134 828 propter
1155 762 1312 805 annorum
1333 739 1389 806 de-

323 871 471 932 cursum3
491 855 546 943 qui
563 855 646 918 inter
656 851 685 919 N
689 853 801 917 umerii
817 851 885 942 (27)
901 864 932 916 et
944 852 1388 932 asieonsnlatusintereedit,

326 971 390 1033 100
410 967 477 1033 fere
502 990 677 1045 annorum,
699 978 761 1049 tres
782 965 902 1031 indicat
922 965 1158 1056 generationem
1175 966 1231 1030 diu
1252 968 1390 1057 eogitari

324 1094 430 1147 tamen
442 1081 481 1146 de
491 1079 600 1146 Marco
610 1079 648 1146 N.
661 1080 728 1145 titio
741 1080 811 1166 (13)
824 1129 832 1157 ,
852 1102 925 1143 nam
940 1080 984 1143 sie
996 1077 1168 1144 Numerius
1181 1079 1305 1170 Gurgiti
1317 1084 1387 1171 (23)

321 1193 463 1283 aequalis
482 1194 611 1273 fuisset,
626 1194 710 1258 inter
726 1193 816 1258 ouius
832 1191 969 1258 honores
987 1193 1073 1258 iltius
1090 1194 1274 1259 consulatus
1291 1193 1386 1260 cadit.

322 1306 464 1372 Praestat
494 1319 599 1371 tamen
628 1305 728 1372 altera
748 1306 849 1387 ratio,
873 1329 910 1371 ex
933 1328 995 1396 qna
1024 1328 1086 1371 una
1111 1308 1316 1397 generatione
1337 1309 1389 1372 iu·

322 1421 394 1486 nior
412 1421 469 1485 iiat
487 1419 567 1485 haee
588 1420 731 1499 familia3
754 1432 785 1484 et
805 1420 851 1484 sio
872 1419 1047 1509 optandum
1073 1431 1120 1485 est
1142 1420 1226 1487 inter
1246 1420 1391 1486 Marcum

321 1532 498 1599 Dorsonem
529 1534 621 1622 (16),
652 1533 697 1597 ita
727 1544 763 1597 ut
792 1532 885 1598 huius
916 1555 1014 1621 nepos
1037 1530 1131 1598 Caius
1160 1531 1290 1598 Licinus
1314 1534 1389 1622 (28)

320 1646 462 1737 aequalis
479 1647 535 1712 fiat
553 1647 706 1712 Numerio
726 1646 845 1712 Piotori
861 1648 954 1734 (27),
974 1658 1009 1711 ut
1026 1646 1210 1711 consulatus
1228 1663 1391 1725 annuunt,

319 1772 351 1825 et
370 1761 453 1824 inter
474 1760 620 1826 Marcum
638 1759 829 1825 Ambustum
852 1760 944 1850 (18),
965 1772 1038 1850 post
1059 1759 1148 1826 ouius
1169 1759 1389 1849 magistratum

322 1895 405 1939 anno
439 1877 478 1938 19
510 1873 595 1938 filins
625 1872 730 1964 pictor
754 1872 924 1939 exstitisset
945 1885 977 1939 et
998 1885 1131 1963 nepotes
1153 1873 1298 1939 eonsules
1316 1885 1390 1963 post

322 1990 491 2052 otrannus.
545 1984 688 2069 Quorum
709 1998 817 2051 utrum
838 1986 1032 2077 praeferrem
1052 1984 1108 2049 diu
1129 1986 1269 2052 incertus
1287 1984 1390 2064 haesi3

321 2097 436 2165 Haalrh
465 2111 496 2165 et
525 2098 658 2165 Richter
679 2099 871 2164 Ambustum
892 2100 1111 2188 arripuerunt,
1135 2098 1287 2188 equidem
1307 2096 1391 2165 Dor·

321 2235 448 2290 sonem,
469 2236 542 2278 nam
565 2212 757 2278 Ambustum
779 2213 871 2278 illum
893 2213 990 2303 primi
1009 2211 1162 2277 Buteonis
1176 2212 1247 2299 (25)
1264 2224 1390 2302 patrem

322 2325 424 2391 babeo
453 2348 512 2391 neo
540 2349 615 2392 vero
645 2327 842 2391 conveniunt
869 2325 1009 2391 Pictones
1032 2327 1089 2413 (26
1110 2336 1142 2390 et
1163 2326 1219 2414 27)
1243 2326 1390 2391 eonsules

321 2444 385 2508 485
407 2452 439 2504 et
462 2441 526 2504 488
547 2461 619 2504 oum
642 2438 769 2529 aequali
785 2439 991 2529 generatione
1011 2439 1195 2505 Buteonem
1220 2439 1276 2528 (30
1287 2440 1386 2527 et3l)

322 2553 379 2642 qui
400 2552 546 2617 eonsules
567 2556 675 2619 507et
693 2555 776 2630 5093
800 2575 897 2642 porro
919 2574 1034 2618 nomen
1057 2550 1125 2618 caii
1145 2553 1229 2616 inter
1252 2552 1391 2618 Pictores

275 2674 277 2677 ’
323 2666 460 2732 occurrit
478 2676 509 2731 et
526 2664 611 2755 apud
623 2663 780 2730 Dorsones
793 2687 941 2756 quoque,
955 2688 1021 2731 non
1033 2688 1107 2731 vero
1119 2664 1202 2754 apud
1214 2665 1390 2744 Buteones3

214 2773 215 2777 ¹
321 2798 404 2869 quae
440 2789 624 2867 argumenta
654 2778 776 2843 etiamsi
807 2778 981 2845 admodum
1013 2779 1119 2844 futilia
1148 2780 1181 2844 in
1207 2802 1241 2844 re
1266 2780 1389 2845 ineerta

319 2913 423 2957 meam
444 2892 550 2980 potius
570 2891 753 2980 opinionem
776 2903 909 2957 tuentur
930 2916 1027 2982 quam
1049 2892 1194 2958 aiteram.

502 3077 518 3159 §
544 3077 574 3138 3.
621 3073 767 3138 Pictura
792 3077 911 3164 templi
933 3073 1067 3140 Salutis
1093 3079 1157 3143 450
1185 3088 1209 3140 ¹.

363 3232 481 3298 Fabius
508 3244 616 3298 noster
632 3235 768 3322 parietes
789 3233 903 3323 templi
921 3233 965 3299 ita
984 3234 1103 3324 pinxit,
1134 3246 1169 3299 nt
1190 3229 1304 3326 perdiu
1325 3231 1386 3297 du·

318 3348 433 3412 raverit
461 3346 527 3411 eius
559 3369 652 3436 apua,
685 3369 760 3411 narn
787 3346 910 3411 Plinius
938 3347 1035 3412 tradit
1062 3369 1095 3412 se
1115 3347 1196 3412 illud
1220 3345 1335 3415 vidisse
1355 3358 1387 3412 et

319 3478 392 3525 eum
420 3460 487 3550 ipsa
517 3459 646 3526 demum
679 3460 758 3526 aede
787 3471 933 3526 exustum
960 3484 1027 3527 esse
1049 3460 1176 3527 Claudii
1195 3460 1389 3551 principatu.

318 3572 409 3640 Haud
439 3573 615 3665 spernenda
645 3572 772 3639 videtur
803 3564 1007 3640 Niebuhrii2
1037 3574 1235 3654 coniectura,
1264 3574 1296 3637 in
1323 3573 1386 3637 illis

317 3685 492 3775 parietibus
515 3684 653 3774 pinxisse
674 3683 813 3750 Fabium
831 3708 880 3750 res
900 3687 933 3751 in
955 3684 1086 3752 Samnio
1114 3711 1130 3752 a
1161 3687 1296 3751 Bibuloo
1315 3708 1386 3775 ges·

317 3808 379 3876 tas,
422 3796 541 3888 qnippe
570 3797 626 3887 qui
655 3810 782 3863 voverat
819 3799 993 3890 templum;
1023 3812 1129 3890 potest
1159 3800 1289 3890 quidem
1319 3796 1384 3863 buo

317 3911 400 3978 trahi
416 3910 584 3998 Dionysii³
601 3911 706 3990 loeus,
728 3934 766 3977 ex
780 3909 846 4002 quo
864 3913 1042 4004 fragmento
1060 3915 1151 3979 nulia
1168 3915 1222 3983 lux
1243 3916 1382 4010 affulget.

361 4023 528 4113 Singulare
557 4024 678 4115 aliquid
707 4024 740 4089 in
771 4024 833 4091 hoe
865 4026 984 4117 templo
1013 4026 1144 4107 accidit,
1179 4030 1265 4119 quod
1296 4031 1380 4098 idem

317 4134 351 4204 C.
373 4137 484 4203 Iunius
517 4136 680 4203 Bnbulous
709 4139 821 4203 consul
849 4136 899 4202 ΙΙΙ
930 4162 1013 4204 anno
1050 4143 1111 4207 443
1145 4145 1263 4209 voverit
1295 4144 1381 4211 bello

344 4415 365 4481 ι)
381 4416 449 4467 rna
469 4413 505 4467 Η.
524 4414 562 4466 Ν.
584 4416 701 4469 xxxv.
721 4399 751 4477 ιζ
771 4414 830 4468 var.
840 4416 912 4466 Max.
922 4419 999 4470 vnr.
1012 4424 1050 4469 14.
1061 4425 1085 4470 a.
1139 4418 1159 4489 ²)
1178 4419 1212 4474 a.
1225 4420 1387 4478 durna

307 4500 327 4569 ⁵)
346 4503 422 4554 xvr.
441 4506 465 4552 e.
1350 4539 1352 4544 .
