3154 5294
551 1014 740 1107 LIBER
777 1015 827 1105 V.

500 1200 631 1261 FABII
660 1200 893 1261 PICTORES.

575 1421 793 1456 ⁴00&-

573 1598 755 1671 CAPUT
785 1600 815 1677 I.

206 1757 208 1761 ’
319 1793 415 1841 carus
438 1792 555 1843 ruerus
579 1794 614 1842 u.
637 1793 666 1840 r.
692 1777 749 1860 (ο.)
776 1793 805 1839 r.
831 1791 952 1839 rrcrou
978 1773 1059 1863 (22).

538 1958 555 2041 §
584 1960 612 2020 1.
663 1954 853 2046 Cognomen.

202 2137 305 2203 liniue
334 2137 476 2205 familiae
506 2148 617 2203 auetor
642 2149 652 2187 ¹
686 2135 781 2207 Caius
809 2146 916 2203 noster
939 2136 1031 2203 traxit
1051 2159 1226 2226 cognomen

160 2272 266 2328 suum,
301 2249 386 2339 quod
416 2250 484 2338 ipse
514 2247 626 2317 aedem
657 2245 776 2315 Salutis
802 2247 968 2337 pinxisset3
993 2245 1033 2311 de
1055 2258 1122 2314 arte
1141 2252 1229 2319 enim

160 2361 311 2453 pingendi
333 2361 541 2453 cogitandum
560 2374 623 2441 est,
647 2361 737 2451 atqui
754 2359 872 2427 Fabius
888 2359 957 2450 ipse
973 2358 1057 2425 illud
1073 2360 1117 2426 ita
1136 2362 1228 2444 facit,

162 2488 195 2541 ut
212 2496 332 2542 norum
352 2474 598 2564 inauditumque
617 2496 796 2564 cognomen
816 2474 846 2539 ei
866 2470 1054 2539 adhaeserit.
1101 2473 1229 2545 Pictura

161 2589 337 2678 parietum,
366 2587 407 2655 do
434 2610 497 2678 qua
522 2587 575 2657 hie
595 2611 698 2657 sermo
722 2599 785 2665 est,
809 2584 909 2653 fiebat
928 2608 965 2651 ex
986 2606 1057 2651 cera
1076 2608 1134 2676 per
1153 2589 1229 2653 riri·

162 2702 290 2779 culum,
323 2724 397 2769 nam
427 2713 494 2767 erat
522 2701 696 2769 encaustici
715 2700 857 2789 generis,
882 2697 967 2788 quod
987 2721 1052 2764 non
1073 2700 1141 2766 sine
1159 2725 1230 2769 ma·

161 2815 225 2880 iore
255 2814 394 2905 quadam
422 2827 489 2883 arto
506 2826 573 2883 erat
591 2813 785 2881 faciendum.
834 2811 914 2877 Inde
935 2811 1160 2879 deducendum
1181 2816 1229 2881 ri·

163 2926 255 2993 detur
282 2927 458 2995 rarissimos
487 2939 563 2993 tuoe
593 2927 690 2994 fuiaae
716 2928 872 3017 pictores,
901 2925 1060 3015 quidquid
1084 2927 1193 2994 Cicero
1216 2940 1228 2978 ²

162 3040 372 3120 contradieat;
406 3062 463 3105 neo
495 3062 605 3105 rerum
635 3051 682 3104 est
712 3038 799 3129 quod
822 3038 966 3103 Valerius
990 3037 1099 3117 addit,
1127 3038 1229 3104 sordi-

163 3153 237 3221 dum
258 3155 340 3220 illud
360 3150 455 3219 fuisse
474 3153 635 3233 studium,
660 3155 712 3218 cui
733 3164 841 3218 noster
861 3163 929 3217 erat
948 3150 1084 3217 deditus.

524 3338 541 3419 §
567 3338 596 3398 2.
651 3333 866 3426 Genealogia.

207 3494 368 3561 Pictorum
383 3491 569 3582 genealogia
587 3491 767 3575 admodum
778 3492 899 3556 ineerta
919 3502 983 3570 est,
1002 3503 1069 3556 tum
1081 3504 1229 3582 propter·

165 3629 199 3671 ea
228 3604 315 3697 quod
339 3604 448 3695 plures
474 3627 584 3670 eorum
609 3605 643 3669 in
672 3604 775 3670 Fastis
794 3627 860 3671 nou
881 3616 1070 3684 occurrant,
1092 3628 1231 3695 quorum

165 3741 237 3808 ergo
264 3730 370 3809 patres
400 3719 514 3807 avique
541 3719 746 3808 ignorantur,
783 3728 851 3784 turn
882 3718 970 3808 quod
1000 3719 1050 3783 rix
1081 3719 1231 3810 aequales

166 3855 200 3897 ex
226 3832 287 3901 hac
316 3844 348 3899 et
366 3831 436 3899 eliis
457 3831 586 3901 familiis
605 3831 744 3910 fuerint,
771 3831 928 3922 siquidem
950 3832 1142 3923 plerumque
1161 3856 1231 3900 rue·

167 3944 252 4013 dium
271 3946 355 4011 inter
375 3943 454 4010 duos
474 3944 587 4010 fratres
607 3941 767 4033 patrueles
785 3943 983 4008 obtinuerint
1001 3942 1120 4011 locum.
1161 3942 1231 4011 caii

167 4057 295 4127 Pictoris
324 4069 416 4148 pater
443 4057 568 4123 Marcus
594 4055 725 4146 quidam
752 4055 831 4135 fuit,
851 4079 925 4122 nam
947 4066 1102 4121 constat³
1127 4056 1232 4122 filium

170 4171 232 4237 eius
250 4170 443 4238 Numerium
464 4170 499 4237 0.
520 4171 623 4235 filium
643 4170 743 4237 Marci
762 4181 911 4259 nepotem
930 4169 1035 4236 fuisse.

197 4445 215 4513 ¹)
231 4450 297 4501 Plin.
316 4448 402 4501 H.N.
420 4449 537 4503 XXXV.
558 4456 587 4510 43
605 4450 665 4503 Vol.
683 4449 755 4500 Max.
774 4449 851 4499 VIII.
873 4453 912 4498 14.
933 4452 955 4498 6.
1009 4445 1030 4517 ²)
1052 4445 1122 4498 Tuae.
1132 4449 1154 4499 1.
1166 4450 1236 4514 254.

165 4527 184 4596 ⁵)
199 4532 264 4586 uase.
281 4538 322 4587 tri.
342 4540 401 4586 488.
