3212 5294
308 440 367 504 258
451 460 477 507 o.
499 456 600 499 rictus
621 456 652 500 u.
674 457 702 501 r.
723 455 750 498 rt.
773 455 801 498 r.
822 452 953 497 urxrtrus
975 439 1233 521 nucnrtauslll).

314 636 407 703 aliter
429 635 590 725 descripto
619 633 802 700 confecerat
823 631 1010 700 dictatorem
1038 631 1087 699 Ill
1115 634 1210 700 luisse
1235 648 1377 702 nostrum

316 774 400 818 anno
428 757 503 819 467.
551 750 592 814 At
613 771 676 814 non
705 746 883 813 attenderet
906 745 1090 836 Campensis
1111 748 1221 814 Festos
1253 747 1384 841 Capito·

199 856 210 879 ⁸
314 866 397 930 linos
425 866 470 930 cic
499 887 566 928 esse
594 863 777 952 inscriptos,
811 873 845 924 ut
871 860 1065 949 collegarum
1098 863 1226 927 nomina
1248 863 1334 931 iuxta
1353 887 1386 929 se

317 978 477 1067 legantur,
501 977 592 1066 atqui
620 975 859 1065 infragmcnto
885 972 957 1052 illo,
981 974 1067 1064 quod
1098 975 1130 1041 ia
1160 976 1293 1066 antiquo
1323 977 1386 1042 im·

316 1113 424 1182 presso
450 1092 628 1168 interierat,
663 1089 759 1153 trium
790 1109 935 1152 versuum
964 1099 1086 1177 partem
1117 1088 1316 1155 dimidiatam
1346 1089 1387 1154 ad

317 1226 416 1269 annos
444 1209 524 1281 445,
560 1206 641 1280 446,
675 1203 738 1264 447
772 1198 971 1265 referendam
1002 1223 1082 1276 esse,
1115 1202 1159 1266 ita
1188 1213 1225 1267 ut
1249 1201 1388 1267 dictator

316 1319 372 1383 ille
394 1318 441 1383 rei
458 1315 619 1406 gerundae
639 1335 730 1378 causa
753 1313 821 1378 sine
841 1312 1027 1378 consulibus
1056 1312 1092 1378 L.
1112 1313 1254 1403 Papirius
1274 1314 1388 1394 luerit,

316 1453 380 1496 non
412 1453 484 1495 rere
517 1428 554 1512 Q.
573 1427 690 1492 Fabius
714 1425 756 1490 Μ.
776 1426 797 1491 i.
822 1425 862 1492 N.
884 1449 916 1492 n.
937 1425 1092 1493 Maximus
1120 1428 1292 1495 Rullianus
1321 1426 1390 1507 ΙΙΙ,

318 1543 358 1607 ad
390 1541 480 1607 cuius
506 1540 635 1605 tertium
655 1537 857 1604 consulatum
876 1550 1012 1627 spectat,
1033 1537 1174 1628 denique
1193 1539 1228 1605 L.
1249 1539 1391 1624 Volum-

318 1655 390 1718 nius
411 1651 538 1719 claudii
566 1650 690 1740 collega
719 1670 802 1713 anno
829 1649 984 1738 sequenti.
1032 1646 1104 1714 Non
1125 1671 1205 1739 opus
1225 1663 1271 1717 est
1290 1652 1392 1742 igitur

319 1788 480 1832 recurrere
510 1764 549 1829 ad
578 1763 732 1829 honorem
766 1761 911 1839 tertium,
946 1761 1002 1851 qui
1032 1761 1123 1827 aliter
1144 1763 1178 1827 in
1204 1764 1305 1830 Fastis
1338 1767 1394 1831 in·

320 1880 422 1971 sculpi
446 1878 545 1955 solet,
571 1899 667 1967 quam
699 1872 827 1965 Pighius
846 1874 1027 1964 proposuit;
1051 1895 1110 1939 nec
1136 1898 1210 1942 aero
1240 1880 1396 1945 convenit

320 1994 476 2059 dictatura
499 1992 545 2057 rei
563 1987 724 2080 gerundae
744 2006 927 2052 causacum
946 2010 1030 2053 anno
1051 1990 1132 2066 467,
1156 1989 1197 2053 de
1217 2013 1282 2082 quo
1302 1995 1398 2083 cogi.

319 2104 397 2169 tavit
426 2103 497 2177 ille,
531 2122 604 2166 eum
634 2099 801 2164 suffectum
831 2121 954 2188 ponens
982 2099 1150 2165 llortcnsic
1184 2114 1328 2184 mortuo;
1360 2118 1398 2172 at

320 2219 373 2284 liic
393 2216 554 2282 seditionis
576 2235 668 2277 causa
685 2212 789 2277 dictus
808 2224 891 2290 erat,
917 2211 1006 2276 nulla
1027 2235 1076 2277 res
1096 2224 1172 2279 tunc
1187 2229 1254 2280 crat
1274 2240 1398 2306 geren-

322 2332 361 2397 da
386 2332 418 2394 in
443 2328 548 2394 media
571 2347 660 2416 pace.

281 2512 284 2517 ,
369 2443 487 2510 Contra
510 2441 596 2530 leges
618 2438 746 2504 annales
765 2437 933 2503 Rullianus
953 2434 1014 2503 hoc
1035 2439 1203 2505 consulatu
1227 2454 1236 2492 ¹
1261 2442 1403 2510 iunctus

324 2568 388 2636 cst,
412 2555 477 2620 sire
497 2554 527 2619 ei
546 2550 599 2617 hic
616 2549 717 2617 honos
734 2550 829 2615 fuerit
844 2550 1065 2629 continuatus,
1081 2552 1163 2617 sicut
1182 2552 1291 2619 Livius
1310 2558 1407 2638 uult,

326 2672 391 2736 sire
419 2692 455 2733 er
485 2664 713 2757 proconsulatu
733 2665 850 2728 iterum
870 2674 1003 2728 creatus.
1053 2664 1181 2731 Etruria
1201 2665 1300 2734 Decio
1321 2694 1408 2738 eae·

327 2784 390 2860 nit,
426 2779 591 2844 Samnium
623 2776 732 2843 Fabio.
788 2774 945 2841 Samnites
977 2776 1077 2840 socios
1105 2777 1167 2842 sibi
1195 2779 1409 2851 adsciverant

329 2895 449 2960 Marsos
477 2906 510 2957 et
539 2891 699 2980 Pelignos,
728 2912 811 2979 quae
831 2889 964 2955 societas
985 2888 1110 2956 ridetur
1130 2892 1302 2962 cohaerere
1327 2922 1414 2967 cum

329 3004 499 3072 audaciore
520 3005 654 3070 consilio
683 3002 885 3092 aggrediendi
913 3002 1074 3069 Romanos
1104 3005 1144 3070 ab
1171 3011 1259 3073 omni
1288 3026 1414 3102 parte,

330 3142 405 3185 nam
425 3143 442 3182 a
460 3118 634 3183 Tuscorum
655 3116 747 3184 bellis
764 3114 923 3181 Samnites
941 3114 1027 3181 haud
1045 3117 1140 3183 alieni
1151 3119 1291 3190 fuerunt.
1324 3127 1418 3194 Vor-

330 3233 460 3299 sabatur
490 3232 586 3320 igitur
616 3230 794 3321 respublica
823 3230 855 3294 in
886 3252 1000 3318 magno
1028 3230 1231 3323 discrimine,
1263 3260 1304 3304 ex
1342 3262 1419 3332 quo

331 3370 399 3413 non
419 3344 565 3411 erasisset
578 3348 644 3409 sine
663 3343 756 3408 claris
773 3341 837 3407 illis
858 3340 1013 3421 ducibus,
1038 3343 1077 3410 dc
1096 3347 1213 3435 quibus
1228 3350 1292 3417 iam
1314 3355 1421 3422 ride-

331 3482 431 3526 amus.
478 3458 595 3523 Fabius
625 3457 730 3521 statim
762 3456 796 3520 iu
826 3453 969 3521 medium
998 3454 1166 3526 Samnium
1194 3464 1325 3532 transiit
1355 3494 1426 3562 op-

334 3583 531 3664 pugnaturus
548 3568 719 3634 Nuceriam
736 3568 933 3634 Alfaternam
951 3566 1143 3660 Campaniae
1160 3574 1291 3656 urbem,
1308 3604 1425 3670 quam

335 3685 374 3750 ad
402 3682 597 3749 deditionem
623 3682 748 3771 coegit,
780 3703 854 3746 nam
877 3681 1053 3748 secundum
1075 3682 1250 3753 Diodorum
1275 3701 1290 3738 ²
1318 3695 1430 3763 defo.

337 3809 422 3862 cerat
442 3820 459 3860 a
478 3795 631 3861 Romanis
647 3817 731 3859 anno
752 3797 826 3860 438.
857 3793 952 3861 Fama
970 3794 1066 3861 huius
1083 3797 1171 3864 urbis
1182 3814 1298 3892 captae
1321 3810 1430 3879 vide.

336 3924 389 3976 tur
409 3933 516 3974 ansam
537 3908 659 3974 dedisse
675 3919 786 3974 auctae
805 3906 854 3973 illi
869 3908 993 3988 lamae,
1009 3932 1106 3999 quam
1127 3911 1275 3981 Aurelius
1298 3918 1435 3993 Victor

336 4024 452 4103 tradit,
476 4034 511 4087 ut
531 4019 628 4087 modo
651 4019 806 4100 vidimus;
829 4021 1007 4087 secuudum
1026 4021 1113 4090 hunc
1128 4026 1213 4092 enim
1231 4027 1434 4107 Nuceriam

337 4139 399 4202 iam
420 4137 552 4225 cepisset
573 4135 690 4201 Fabius
719 4135 751 4198 in
782 4135 886 4225 primo
915 4136 1100 4215 consulatu,
1136 4138 1168 4203 id
1190 4154 1236 4206 est
1271 4144 1437 4235 Apuliae

339 4249 451 4315 urbem
482 4272 578 4339 quam
605 4248 660 4313 alii
686 4247 852 4313 Luceriam
881 4246 1010 4327 dicunt,
1036 4251 1202 4343 coniungit
1223 4257 1322 4328 anim
1346 4287 1438 4337 cum

363 4500 384 4566 ¹)
402 4500 458 4550 Liv.
477 4497 527 4548 IX.
547 4502 594 4555 4l;
611 4496 686 4547 Diod.
703 4496 755 4548 ste.
773 4497 836 4547 XX.
856 4503 898 4549 tr.
968 4496 989 4566 ²)
1007 4500 1083 4551 XIX.
1104 4506 1146 4552 65.
