3212 5294
342 441 399 503 194
591 462 618 511 o.
640 459 882 517 usurusrreroa,
905 463 1073 506 ursaomens
1094 444 1169 527 (36).

392 635 576 705 Secundum
605 637 739 705 Fabium
770 639 900 706 fuerunt
929 643 1088 721 800000,
1121 642 1411 710 eonsumitur

349 750 592 841 epitomatorem
617 765 626 803 ¹
660 756 804 832 300000
831 765 862 819 et
882 754 1057 820 secuudum
1078 754 1249 842 Polybium
1267 766 1294 834 ²,
1321 758 1417 847 quant

349 865 495 956 sequitur
514 864 700 932 Diodorus⁸
725 870 883 947 770000,
907 880 942 932 ut
959 868 1090 933 Piseher
1109 882 1121 920 ⁴
1143 868 1255 948 tradit,
1279 870 1336 935 sed·
1352 872 1418 936 nod

349 978 393 1042 ita
413 992 470 1046 est.
512 980 665 1069 Polybius
686 981 771 1046 enim
791 982 847 1072 qui
862 981 1060 1071 singulorum
1080 982 1273 1072 populorum
1294 982 1419 1074 pedites

350 1103 383 1157 et
403 1093 527 1182 equites
550 1106 695 1160 accurate
714 1107 872 1174 recenset,
897 1094 936 1160 ad
957 1095 1107 1161 amussim
1126 1117 1199 1161 oum
1220 1095 1320 1162 Fabio
1341 1112 1419 1162 eou-

351 1207 451 1277 venit:
473 1207 527 1273 sed
546 1208 670 1298 fugerat
682 1208 868 1274 Fischerum
881 1208 1067 1299 aliudquid.
1106 1207 1278 1298 Copiarum
1296 1223 1419 1275 summa

351 1318 435 1409 apud
467 1321 638 1409 Polybium
669 1332 715 1386 est
746 1324 890 1401 800,300
917 1318 950 1386 id
980 1334 1039 1387 est:
1074 1325 1196 1401 7·r,100
1219 1323 1420 1414 equitultrie't

353 1434 498 1510 729‚200
516 1432 678 1521 peditum,
701 1433 754 1497 sed
774 1432 873 1523 paulo
891 1443 980 1511 ante,
1002 1455 1101 1522 quum
1118 1433 1199 1499 alter
1217 1434 1330 1499 consul
1351 1434 1420 1499 Ati-

350 1544 412 1609 lius
433 1545 467 1608 in
489 1543 633 1611 Sardinia
655 1546 791 1636 degebat
810 1568 884 1611 eum
905 1546 1044 1611 exercitu
1063 1569 1120 1612 suo
1140 1547 1313 1625 consulari,
1337 1570 1420 1613 nou·

352 1659 431 1725 dum
456 1658 588 1723 aderant
609 1659 658 1724 illi
679 1662 801 1740 21‚500
820 1657 853 1723 id
873 1671 935 1725 est:
959 1663 1055 1737 1,300
1076 1661 1222 1751 equiturn
1245 1675 1276 1728 et
1299 1665 1420 1741 20‚200

350 1771 514 1863 peditum,
538 1783 629 1837 erant
650 1773 735 1837 enim
758 1775 902 1852 778000
923 1784 1049 1838 tantum
1070 1773 1175 1839 idest:
1197 1774 1422 1865 saeuusqu-

351 1898 421 1951 tum
441 1897 472 1951 et
490 1888 634 1964 709000
651 1886 812 1976 peditum,
831 1897 867 1950 ut
885 1884 953 1976 ipse
975 1885 1127 1974 Polybius
1147 1886 1224 1952 dicit
1240 1888 1275 1952 τὸ
1291 1889 1424 1967 σύμπαν

352 2000 467 2072 πλῆθος
492 1998 640 2088 peditum
660 1997 735 2079 ὑπὲρ
758 2002 918 2079 700000,
943 2000 1088 2089 equitum
1114 2003 1155 2074 εἷς
1179 2004 1318 2080 70000,
1343 2023 1426 2091 quos

353 2109 672 2176 numeroslliodorus
684 2112 1229 2203 exscripsitneglectispauois,quot
1240 2126 1426 2181 excurrunt.

400 2224 522 2290 Plinius
540 2240 552 2277 ⁵
571 2224 668 2290 tradit
680 2225 805 2290 ltaliam
825 2225 924 2291 solam
943 2227 1010 2292 sine
1030 2228 1166 2291 externis
1184 2226 1428 2317 auxiliis,atqui

355 2338 450 2403 etiam
472 2349 549 2403 tune
568 2339 635 2402 sine
656 2337 903 2428 Transpadanis,
922 2336 1140 2429 suppeditasse
1160 2339 1304 2405 LXXX⁵
1324 2340 1429 2405 millia

354 2451 500 2541 equitum
520 2450 731 2541 peditumque
742 2449 826 2516 DCC
837 2451 954 2530 millia,
974 2475 1056 2541 quae
1072 2476 1214 2518 summae
1229 2452 1428 2543 respondent

358 2563 506 2653 reliquis,
525 2563 550 2626 si
566 2561 753 2652 expunxeris
770 2583 870 2628 unum
889 2562 933 2643 X,
952 2564 1039 2652 quod
1056 2564 1149 2629 nobis
1169 2565 1265 2631 licere
1284 2587 1349 2631 non
1369 2586 1430 2630 ne-

356 2676 505 2767 paverim.

403 2786 553 2849 Livianus
572 2805 723 2849 numerus
745 2789 887 2864 300000
908 2799 1117 2869 armatorum,
1141 2813 1237 2881 quem
1262 2790 1431 2857 Romanus

357 2897 498 2986 populus
527 2895 575 2960 sui
603 2892 775 2987 Latinique
804 2899 941 2965 nominis
968 2898 1116 2968 habuisse
1136 2902 1252 2982 fertur,
1276 2904 1431 2969 convenit

357 3029 431 3072 eum
453 3006 645 3095 Polybiane,
678 3009 704 3073 si
730 3007 923 3075 Samnitium
951 3013 1057 3101 copias
1086 3010 1245 3080 addideris
1262 3014 1314 3094 iis,
1348 3038 1433 3106 quas

355 3133 482 3211 praeter
503 3133 641 3212 quatuor
659 3111 814 3188 exereitus
835 3124 1016 3191 consulares
1037 3125 1158 3206 Latini,
1182 3127 1267 3193 Soeii
1288 3141 1319 3193 et
1341 3127 1431 3194 Urbs

358 3234 458 3299 Roma
479 3235 760 3326 suppeditaveriut.

407 3346 575 3431 Quomodo
598 3370 672 3412 aero
703 3346 833 3414 Orosius
863 3348 903 3415 ad
928 3374 1097 3419 numerum
1117 3357 1261 3432 348000
1280 3353 1435 3445 peditum

360 3474 393 3525 et
423 3464 546 3538 26,600
574 3462 720 3551 equiturn
741 3461 902 3528 Romanos
924 3476 955 3530 et
978 3464 1155 3557 Campanos
1181 3471 1436 3559 computaverit,

362 3573 477 3639 frustra
497 3574 649 3666 expiscari
668 3586 801 3641 conatus
826 3599 905 3644 sum.

409 3687 525 3772 Quaeri
544 3700 650 3777 potest
666 3688 804 3779 denique
829 3710 906 3756 num
924 3692 1046 3782 ingenti
1067 3694 1116 3760 illi
1135 3717 1269 3760 numero
1288 3693 1439 3760 Fabiano

362 3801 441 3867 fides
470 3799 581 3867 haberi
603 3803 719 3893 possit,
743 3802 828 3893 quod
852 3803 1061 3886 Niebuhrius,
1087 3819 1122 3872 ut
1149 3808 1331 3898 exemplum
1353 3809 1438 3873 affe-

361 3928 445 3995 ram,
471 3916 610 4005 nogaria
634 3915 805 4007 respondet
825 3930 931 3983 autem
950 3918 1042 3983 Fabii
1053 3943 1175 3986 summa
1195 3920 1322 4008 Polybii
1342 3933 1439 3986 cata·

361 4028 451 4117 logo,
474 4051 551 4119 ergo
570 4030 736 4119 utriusque
756 4029 834 4095 fides
863 4029 963 4096 dubio
991 4031 1127 4098 obnoxia
1156 4047 1251 4115 esset3
1277 4034 1438 4125 equidem

361 4153 491 4231 propter
518 4155 698 4208 accuratam
728 4145 1002 4210 enumerationem
1038 4147 1183 4237 equitum
1218 4148 1440 4239 peditumque

391 4430 411 4497 ¹)
429 4431 496 4494 upit.
515 4429 578 4480 xx.
655 4428 790 4496 ²)11.24.
861 4430 1050 4500 ⁵)XXV.1a.
1121 4434 1140 4504 ὁ)
1159 4434 1229 4487 Rom.
1250 4435 1324 4487 Zeirt.
1348 4454 1372 4504 p.
1397 4444 1448 4491 84.

357 4512 431 4582 ἣΗ.
449 4511 485 4564 Ν.
503 4516 554 4564 111.
574 4520 615 4564 24.
