3212 5294
305 436 369 498 252
449 454 477 503 o.
499 449 602 495 sauros
622 451 653 495 rr.
674 449 702 494 r.
723 451 752 494 ra.
773 450 801 493 u.
823 448 954 494 urrrrrus
975 428 1138 496 hurrnnus
1157 419 1237 517 (17).'

310 632 367 698 ubi
390 652 464 695 sero
484 627 523 693 ad
543 625 704 693 Perusiam
724 639 791 692 erat
811 639 1004 717 pugnatum,
1029 629 1087 693 tria
1106 628 1252 694 Etruriae
1270 605 1375 722 capitu

310 741 457 820 Perusia,
489 738 628 807 Cortona
655 752 688 806 et
716 739 877 805 Arretium
901 762 1013 830 pacem
1032 740 1210 832 foedusque
1229 741 1376 809 iecerunt

309 880 385 922 cum
403 854 571 933 Romanis,
593 852 798 943 indutiasque
818 853 1014 919 in30annos
1028 834 1295 943 impetraverunt,
1319 857 1375 946 qui

308 989 469 1035 successus
499 967 630 1032 omnino
660 990 724 1032 nou
752 990 789 1032 er
818 965 947 1032 Sutrino
976 967 1108 1033 victoria
1130 980 1256 1034 secutus
1276 981 1373 1047 esset,

307 1093 420 1147 contra
439 1101 512 1144 cum
533 1078 661 1145 Perusia
681 1090 767 1146 arcte
789 1078 953 1157 cohaeret,
979 1102 1051 1145 nam
1073 1094 1287 1147 convenerant
1306 1080 1374 1146 illic

307 1192 420 1285 copiae
449 1216 487 1258 ex
514 1190 660 1258 Etruriae
680 1204 770 1280 parte
789 1191 937 1257 orientali
955 1214 1083 1271 omnes,
1107 1192 1224 1282 quibus
1243 1192 1375 1258 deuictis

308 1307 440 1373 demum
461 1305 654 1396 Etruriaque
672 1304 772 1370 fracta
791 1328 851 1395 par
872 1304 1040 1396 impetrata
1062 1318 1125 1385 est,
1149 1329 1254 1396 neque
1274 1305 1315 1372 de
1339 1328 1375 1371 ea

307 1421 501 1510 cogitassent
521 1417 647 1483 Etrusci
664 1418 690 1484 si
712 1417 854 1484 Sutrium
875 1430 1000 1484 tautum
1021 1417 1182 1485 redditum
1203 1431 1296 1485 esset.

356 1532 451 1597 Hine·
468 1530 541 1595 satis
564 1530 695 1596 miratus
717 1554 787 1596 sum
807 1529 1022 1598 Niebuhriom
1044 1542 1052 1578 ¹
1078 1544 1189 1598 contra
1209 1531 1373 1622 opinatum

309 1668 395 1723 csse,
427 1644 484 1735 qui
503 1645 691 1734 ceteroquin
709 1643 935 1735 simpliciorem
956 1643 1089 1710 Diodori
1108 1645 1247 1737 praefert
1267 1667 1374 1711 narra·

311 1761 451 1835 tionem,
468 1755 522 1821 hic
543 1778 616 1821 aero
634 1757 837 1822 Perusianam
857 1771 1034 1849 suspectam
1051 1757 1160 1824 abiicit
1170 1771 1202 1823 et
1212 1756 1373 1824 Sutrinam

310 1871 427 1935 lamam
452 1865 604 1933 elaborat.

356 1981 427 2066 Quo
448 1992 553 2046 autem
574 1978 671 2047 modo
691 1992 868 2070 pugnatum
884 1981 925 2047 sit
939 1980 979 2047 ad
998 1982 1159 2049 Perusiam
1176 1984 1372 2074 ignoramus,

308 2095 378 2161 lieri
407 2105 512 2185 potest
541 2105 577 2159 ut
607 2092 714 2158 omnia
741 2116 826 2182 quae
855 2093 964 2160 Liuius
993 2093 1032 2160 ad
1057 2093 1198 2161 Sutrium
1221 2096 1371 2164 accidisse

307 2220 431 2287 narrat,
466 2206 530 2272 huc
553 2203 707 2271 trahenda
728 2206 808 2284 sint3
835 2228 894 2271 nec
921 2230 959 2272 er
976 2207 1015 2272 iis
1036 2208 1173 2274 multum
1195 2208 1373 2289 lucramur,

308 2345 381 2388 nam
401 2320 555 2412 pleraque
575 2319 757 2385 communia
778 2342 887 2385 omnes
907 2343 1034 2410 pugnae
1053 2319 1192 2400 habent,
1213 2323 1314 2387 multa
1335 2347 1372 2389 er

308 2434 532 2501 historicorum
552 2432 687 2521 ingeniis
707 2432 853 2522 suppleta
873 2431 1044 2498 adduntur.
1081 2431 1233 2524 Suspicor
1244 2435 1371 2501 Livium

303 2547 345 2614 de
365 2547 427 2613 hoc
444 2546 567 2637 proelio
582 2545 616 2609 in
634 2544 803 2610 annalibus
821 2544 975 2611 inuenisse
991 2546 1124 2611 Fabium
1141 2569 1265 2613 summo
1277 2572 1371 2615 mane

304 2660 502 2728 conseruisse
522 2679 634 2723 manus
652 2679 724 2723 cum
746 2658 886 2724 Etruscis
898 2682 1008 2726 somno
1019 2660 1146 2750 sopitis,
1163 2683 1245 2750 quae
1263 2661 1372 2727 Liuius

305 2774 351 2840 sic
378 2782 524 2849 exornat,
556 2782 592 2835 ut
621 2770 786 2836 consulem
812 2771 970 2839 describat
999 2772 1163 2838 iubentem
1194 2773 1313 2840 cibaria
1335 2776 1370 2840 in

305 2885 430 2974 aliquot
444 2881 512 2946 dies
527 2881 649 2960 afferri,
663 2879 780 2946 milites
799 2896 936 2948 armatos
953 2883 1106 2965 dormire,
1124 2908 1242 2978 eosque
1259 2899 1371 2977 quarta

305 2995 413 3086 uigilia
437 2993 543 3059 hostes
566 2991 715 3059 inuasisse
738 3004 834 3084 atque
858 2994 992 3085 fugasse.

350 3106 412 3174 Sed
434 3107 619 3198 ubicunque
639 3118 817 3197 pugnatum
837 3120 901 3186 est,
921 3108 1082 3174 Romanos
1104 3109 1214 3176 vicisse
1232 3124 1370 3192 constat;

303 3220 452 3300 Perusia,
475 3218 613 3286 Cortona
630 3230 662 3284 et
680 3219 841 3285 Arretium
861 3219 974 3287 foedus
995 3243 1067 3287 curn
1086 3221 1208 3312 populo
1223 3224 1382 3308 Romano*

304 3335 458 3400 lecerunt.
505 3331 596 3398 ldem
625 3332 707 3397 illud
739 3333 823 3424 apud
853 3332 1029 3400 Diodorum
1059 3356 1190 3424 quoque
1218 3336 1369 3426 legimus,

302 3445 480 3513 dummodo
498 3443 672 3510 absurdum
692 3446 856 3511 sustuleris
875 3446 1001 3527 sitium,
1024 3447 1111 3537 quod
1129 3447 1215 3513 illius
1231 3449 1370 3516 editores

302 3557 514 3651 geographiae
544 3558 764 3647 imposuerunt
791 3581 894 3648 aequo
919 3560 1025 3625 animo
1045 3561 1182 3625 serentes
1208 3561 1370 3644 Κρότωνα,

302 3694 385 3763 quae
414 3669 490 3734 urbs
521 3667 605 3758 apud
636 3667 782 3748 Livium,
816 3669 954 3735 Plinium
985 3682 1017 3736 et
1043 3670 1251 3737 Plutarchum
1278 3673 1369 3740 audit

306 3782 471 3860 Cortona,
497 3804 561 3872 quo
579 3781 710 3846 nomine
725 3782 775 3847 rel
795 3780 889 3849 hodie
905 3782 1037 3874 gaudet3
1061 3784 1171 3875 itaque
1190 3783 1369 3854 Diodorum

300 3898 461 3988 scripsisse
480 3895 624 3977 Kc'provu
643 3894 713 3984 quis
733 3917 873 3986 unquam
895 3896 1083 3962 dubitabit?
1105 3895 1242 3963 Librarii
1254 3897 1368 3964 Graeci

298 4009 525 4102 geographiam
549 4006 660 4074 Italiae
681 4009 822 4099 quinon
845 4010 926 4075 bene
948 4009 1120 4089 tenebant,
1143 4010 1367 4077 deuotissimae

289 4123 429 4191 -hlilonis
456 4122 558 4213 patria
584 4119 723 4187 Crotone
742 4121 919 4212 cogitantes
940 4122 1048 4188 turbas
1069 4123 1242 4203 dederunt3
1269 4147 1367 4214 quam

299 4236 458 4302 maculam
484 4236 535 4300 rel
564 4234 748 4302 nouissimos
777 4233 921 4303 editores
955 4258 1021 4303 non
1050 4237 1229 4306 abstersisse
1258 4237 1370 4307 miror.

326 4481 594 4553 nncmm,
