3212 5294
306 477 371 539 256
452 495 479 545 o.
500 491 603 536 riorus
627 490 657 534 u.
680 492 707 536 r.
730 490 757 534 rs.
780 491 807 535 u.
828 491 959 536 uaxrnus
982 493 1144 538 unanimus
1164 474 1239 559 (1¹7).

359 669 453 754 Quod
476 691 576 761 quum
596 669 689 736 nobis
708 692 832 735 sumere
853 693 918 736 nou
942 671 1054 757 liceat,
1078 670 1203 738 ridetur
1223 671 1304 739 Livii
1322 671 1379 739 de·

192 864 199 881 ·
313 785 443 876 scriptio
459 795 620 849 scutorum
637 796 669 849 et
685 795 863 849 armaturae
879 783 1070 851 Samnitium
1086 785 1119 849 in
1130 786 1251 851 malum
1267 786 1378 853 locum

312 898 487 976 aberrasse,
517 897 607 962 cuius
631 895 677 961 rei
701 918 795 962 causa
816 897 848 962 in
870 910 1022 989 promptu
1042 910 1108 977 est,
1133 922 1207 965 nam
1227 898 1377 966 cohaeret

312 1012 397 1075 lama
415 1010 476 1076 fori
493 1021 562 1075 tum
578 1009 707 1076 demum
729 1010 833 1075 ornati
850 1032 923 1076 oum
939 1011 1055 1102 Papirii
1072 1034 1197 1078 summo
1213 1011 1376 1102 triumpho

311 1123 343 1188 id
374 1136 421 1189 est
450 1123 557 1190 tertio.
606 1122 690 1206 Quas
719 1122 761 1188 ob
784 1145 892 1189 causas
911 1124 1030 1214 Papirii
1050 1124 1241 1191 dictaturam
1261 1127 1294 1191 in
1315 1126 1377 1192 dn·

312 1236 403 1302 bium
433 1257 597 1314 vocarem,
620 1247 718 1326 atque
742 1237 910 1326 repetitam
930 1260 967 1303 ex
988 1239 1109 1329 priore,
1133 1262 1229 1330 quem
1249 1262 1282 1304 re
1304 1263 1375 1305 vera

311 1349 416 1429 duxit,
447 1372 547 1440 quum
574 1348 755 1415 Romanum
782 1349 956 1415 exereitum
981 1363 1054 1441 post
1075 1352 1200 1418 cladem
1226 1352 1265 1418 ad
1290 1352 1377 1418 Lau·

311 1463 393 1528 tulas
423 1462 547 1530 salsum
577 1461 723 1540 reduxit,
753 1473 830 1527 tunc
857 1463 941 1528 enim
967 1487 1048 1530 nora
1070 1464 1224 1531 Romanis
1245 1465 1377 1532 luerunt

309 1587 399 1642 scuta
427 1575 501 1655 illa,
534 1597 617 1666 quae
645 1575 708 1640 iam
734 1586 813 1640 tuuc
832 1575 865 1639 in
887 1575 1050 1666 triumpho
1070 1579 1204 1644 Romam
1224 1599 1298 1644 cnm
1321 1601 1375 1644 ce·

310 1689 384 1753 teris
403 1687 511 1778 spoliis
531 1686 662 1754 advecta
683 1697 780 1776 atque
798 1685 945 1752 domibus
964 1688 1103 1777 praelixa
1119 1688 1159 1753 ab
1178 1711 1377 1781 unoquoque

307 1802 374 1866 risa
392 1813 482 1881 suut;
506 1800 566 1866 nisi
586 1799 670 1867 forte
689 1821 777 1865 nune
796 1798 926 1865 demum
946 1800 1027 1866 alius
1048 1802 1189 1892 populus
1209 1825 1226 1869 e
1249 1801 1376 1869 Samni-

309 1915 395 1979 tibus
423 1912 567 1979 derictur
595 1911 650 1991 sit,
680 1910 768 2002 quod
793 1924 901 1977 tamen
922 1935 986 1978 non
1005 1913 1160 1992 traditur,
1183 1937 1258 1979 nam
1280 1914 1376 1980 Marsi

309 2026 455 2117 sequenti
478 2025 607 2092 demum
632 2047 717 2091 anno
741 2047 815 2090 eum
839 2025 991 2092 Romanis
1017 2025 1186 2094 bellarunt.

603 2163 621 2246 §
646 2165 676 2227 9.
722 2162 795 2227 Pro
815 2164 947 2227 consule
972 2167 1036 2230 445
1058 2171 1081 2229 ¹.

353 2282 503 2373 Legimus
527 2281 666 2372 denique
690 2281 875 2347 Rulliannm
901 2281 1124 2373 triumphasse:

303 2406 332 2464 Q.
344 2404 468 2453 FABIuS
474 2404 984 2453 M.F.N.lt.o1AXthrS1tunLJArvus
993 2404 1099 2452 1112120
1107 2405 1176 2453 COS.
1184 2406 1379 2455 Antcur‘nlr.

618 2488 671 2537 Du
689 2488 896 2538 ETRUSCEIS.
1172 2491 1378 2565 JDIBUSNOV.

353 2593 447 2662 Cadit
466 2592 518 2659 bic
538 2592 719 2683 triumphus
740 2592 914 2659 seeundum
940 2592 1066 2660 Livium
1089 2605 1114 2676 ²,
1143 2607 1312 2687 postquam
1333 2599 1373 2665 ad

307 2709 485 2786 Perusiam,
508 2730 591 2796 quac
616 2705 813 2772 indutiarum
834 2706 928 2773 bdem
950 2719 1094 2797 ruperat,
1110 2722 1279 2798 pugnasset
1299 2732 1373 2779 cum

307 2822 439 2911 reliquis
453 2820 670 2885 Etruscorum.
696 2818 786 2884 Tunc
798 2820 951 2910 oppidum
969 2832 1097 2911 captum
1110 2828 1206 2902 esset,
1217 2825 1251 2889 ni
1260 2837 1375 2914 sponte

310 2957 342 3000 se
363 2932 517 3021 dedisset,
539 2930 731 3022 praesidium
752 2956 826 3022 ergo
847 2933 896 2998 illi
907 2934 1073 3023 imposuit,
1091 2947 1122 3000 et
1133 2958 1273 3001 resersus
1281 2960 1374 3026 prae-

309 3046 460 3113 stantiore
478 3067 574 3136 quam
593 3042 731 3110 dictator
752 3044 882 3112 victoria
902 3046 1102 3137 triumphans
1122 3047 1243 3114 Urbem
1261 3060 1306 3115 est
1322 3050 1373 3114 in-

306 3172 432 3239 uectus,
459 3170 490 3224 et
513 3157 665 3248 proximis
692 3160 830 3224 comitiis
851 3159 962 3224 consul
980 3159 1158 3226 declaratus
1177 3175 1224 3227 est
1240 3164 1374 3253 praemii

307 3276 380 3340 loco
412 3273 454 3339 ob
484 3272 608 3362 egregie
638 3271 851 3362 perdomitam
885 3273 1056 3341 Etruriam.
1104 3273 1196 3357 Quod
1226 3275 1373 3341 Aurelius

306 3388 449 3452 Ὺίοῖοτ3
481 3384 576 3451 tradit
596 3398 739 3452 nostrum
770 3384 911 3452 secundo
932 3385 1141 3477 triumphasse
1161 3387 1200 3453 de
1222 3387 1373 3455 Samniti·
1441 3402 1447 3413 “

307 3502 382 3580 bus,
408 3522 515 3566 rerum
537 3521 604 3564 esse
623 3498 752 3588 nequit,
775 3498 871 3588 longe
890 3498 1021 3564 meliora
1041 3498 1131 3566 dedit
1145 3501 1266 3581 Livius,
1291 3526 1373 3593 quae

306 3615 423 3680 mirum
441 3614 474 3678 in
495 3608 626 3677 modum
649 3611 776 3677 miscuit
797 3611 864 3677 iste.
911 3612 998 3677 It'asti
1015 3612 1130 3679 docent
1146 3612 1232 3680 bunc
1244 3618 1374 3682 tertium

306 3725 449 3792 Rulliani
472 3725 673 3791 consulatum
694 3723 806 3791 cadere
828 3725 862 3790 in
884 3748 1002 3792 annum
1026 3731 1107 3805 446,
1129 3729 1374 3818 praecedentem

306 3841 392 3907 enim
413 3839 480 3904 siue
507 3838 692 3904 consulibus
720 3838 824 3904 luisse.
871 3838 980 3905 Lisius
1010 3863 1130 3906 annum
1158 3846 1221 3908 445
1255 3842 1375 3909 omittit

305 3954 387 4031 lere3
404 3953 500 4018 facile
516 3951 708 4041 intelligitur
727 3964 833 4018 tamen
850 3951 950 4017 Fabio
966 3952 1118 4021 bonorem
1138 3978 1204 4021 esse
1220 3979 1374 4047 proroga-

304 4078 388 4144 tum,
412 4065 502 4131 cuius
522 4065 568 4130 rei
587 4065 689 4130 multa
710 4078 830 4131 exstant
848 4065 1008 4156 exempla,
1029 4067 1122 4134 etsie
1142 4068 1376 4159 aliquantisper

303 4179 445 4269 suppleri
465 4189 570 4269 potest
591 4176 666 4243 huie
684 4201 782 4257 auno,
804 4200 900 4268 quem
921 4181 1108 4271 oereroquin
1123 4205 1187 4249 non
1208 4203 1379 4273 possumus

302 4292 342 4357 ad
367 4290 526 4383 liquidum
551 4292 735 4382 perducere.

332 4542 352 4610 ¹)
369 4543 438 4595 Fert.
456 4542 497 4593 ui.
515 4542 543 4593 h.
560 4556 583 4593 a„
636 4537 656 4610 ²)
674 4541 724 4594 IX.
744 4549 785 4594 ro.
838 4540 859 4611 ὅ)
882 4541 914 4595 V.
933 4541 956 4594 Ι.
974 4550 1016 4595 oa.
