3210 5300
319 434 380 498 286
490 455 517 505 o.
539 451 642 495 raetos
662 450 691 501 o.
713 451 740 494 r.
762 451 793 494 n.
815 450 844 492 n.
864 448 997 493 uarruos
1017 444 1132 492 concas
1152 428 1228 512 (23).

322 630 410 723 quod
441 630 584 696 Valerius
613 630 724 695 annuit
752 628 858 720 potius
889 650 985 717 quam
1015 626 1150 706 refellit,
1182 624 1233 693 rel
1263 638 1389 693 tacente

321 745 414 811 Livio
442 745 588 837 praefero
617 767 693 837 prae
714 744 850 809 Victoris
878 743 967 821 loco,
990 764 1064 807 nam
1090 740 1288 833 temporibus
1309 741 1389 807 belli

321 859 434 924 Punici
462 858 577 924 melius
606 858 756 924 convenit
777 856 859 921 illud
886 879 983 946 quam
1003 854 1158 935 Rulliani3
1184 867 1265 920 tunc
1282 856 1388 945 potuit

319 995 389 1038 mos
406 972 574 1037 invaluisse
598 971 717 1037 maiore
732 994 849 1061 pompa
868 970 1058 1036 nobilissimi
1078 970 1233 1060 cuiusque
1254 968 1389 1034 cadaver

320 1086 354 1151 iu
378 1085 511 1175 publico
537 1083 650 1150 funere
678 1084 836 1151 deducere
856 1083 889 1149 in
911 1084 1032 1163 forum,
1056 1095 1088 1148 et
1112 1083 1205 1149 ludos
1226 1082 1388 1148 celebrare

320 1198 488 1279 lautiores,
515 1199 599 1265 inter
625 1221 706 1289 quos
733 1198 897 1264 visceratio
924 1220 1054 1289 quoque
1081 1219 1173 1263 suum
1198 1198 1307 1262 locum
1328 1218 1388 1285 po-

322 1313 471 1379 stulabat.

724 1641 906 1715 CAPUT
937 1643 987 1715 ΙΙ.

391 1806 530 1866 casuros
552 1805 670 1855 ramos
694 1806 722 1866 o.
745 1805 775 1853 r.
798 1804 832 1854 u.
857 1804 888 1852 rr.
912 1802 1061 1853 uaxruns
1085 1800 1213 1852 concas
1237 1782 1321 1871 (23).

690 1945 708 2029 §
734 1941 761 2005 l.
805 1939 976 2030 Agnomen
996 1950 1019 2004 ¹.

368 2080 538 2165 Bellienus
562 2096 677 2163 habuit
701 2096 805 2163 lilium
831 2095 868 2181 Q.
888 2095 1041 2175 Fabium,
1064 2095 1121 2185 qui
1142 2093 1263 2183 Gurges
1284 2091 1388 2157 dictus

323 2221 387 2289 est,
421 2211 539 2301 quippe
560 2211 617 2301 qui
640 2209 869 2300 patrimonium
890 2206 1189 2285 devoraveransed
1213 2206 1292 2271 haec
1313 2205 1387 2271 ritia

322 2323 463 2389 ineuntis
481 2324 593 2388 aetatis
612 2323 789 2412 insignibus
809 2322 979 2388 virtutibus
1004 2319 1229 2411 compensarit.
1280 2317 1387 2408 Agno-

322 2460 398 2503 men
417 2436 665 2526 ignominiosum
686 2434 828 2501 adhaesit
847 2447 970 2514 tamen,
988 2455 1049 2500 nec
1067 2443 1114 2499 est
1132 2431 1219 2522 quod
1235 2432 1388 2497 miremur

322 2572 360 2616 er
387 2548 565 2640 depravatis
589 2547 732 2613 moribus
759 2548 911 2613 Romanis
932 2546 1122 2637 cognomina
1142 2567 1208 2612 esse
1226 2557 1314 2623 nata,
1338 2544 1387 2634 ig-

321 2659 466 2728 nominia
494 2671 527 2726 et
552 2658 672 2725 invidia
702 2660 788 2726 enim
813 2662 923 2752 generi
947 2660 1090 2728 humano
1110 2659 1173 2725 iam
1195 2659 1273 2725 olim
1293 2657 1386 2723 insita

323 2784 406 2850 erat,
435 2794 495 2838 nec
519 2771 608 2838 aliud
632 2773 790 2864 significat
811 2774 1011 2841 notissimum
1030 2775 1210 2841 Romanum
1230 2794 1388 2862 agnomen

323 2884 443 2976 Nepos.

659 3048 676 3131 §
703 3051 734 3111 2.
779 3047 913 3114 Aedilis
938 3049 1002 3112 459
1027 3058 1052 3112 2.

368 3224 493 3318 Duplex
519 3225 604 3293 fama
625 3241 691 3294 erat
712 3227 752 3294 de
773 3227 912 3318 Gurgitis
930 3227 1109 3306 aedilitate,
1132 3225 1171 3292 ad
1193 3227 1280 3293 hunc
1300 3226 1384 3293 enim

323 3337 545 3405 retrahendam
564 3339 754 3406 crediderim
770 3340 904 3421 famam,
923 3364 1019 3431 quam
1040 3340 1172 3406 Livius³
1194 3352 1280 3406 recte
1297 3363 1385 3431 sper·

322 3452 382 3518 nit.
418 3450 535 3519 Scribit
557 3477 673 3544 nempe
693 3476 776 3518 anuo
798 3457 861 3520 loo
883 3454 1075 3521 »civitatem
1090 3475 1237 3519 annonae
1255 3454 1385 3519 caritate

323 3563 493 3631 sollicitam
524 3566 635 3644 fuisse,
667 3578 864 3656 tentumque
895 3567 934 3632 ad
963 3568 1091 3657 inopiae
1115 3568 1263 3634 ultimum
1288 3567 1386 3646 foret,

322 3690 359 3744 ut
383 3678 535 3769 scripsere
560 3680 676 3770 quibus
698 3679 835 3745 aedilem
854 3680 950 3747 fnisse
970 3703 1008 3747 eo
1027 3704 1112 3747 anno
1131 3680 1265 3747 Fabium
1284 3679 1386 3747 Mari·

323 3815 412 3859 mum
433 3792 553 3885 placet,
583 3794 617 3859 ni
636 3794 703 3860 eius
722 3816 811 3873 cura,
836 3796 938 3885 qualis
960 3795 993 3860 in
1016 3794 1140 3861 bellicis
1159 3794 1255 3861 rebus
1274 3793 1384 3860 multis

321 3907 564 3998 tempestatibus
582 3907 699 3988 iuerat,
723 3908 795 3973 talis
815 3908 902 3974 domi
923 3921 990 3975 tum
1009 3910 1043 3974 in
1062 3931 1206 3975 annonae
1223 3908 1384 4000 dispensa·

282 4008 287 4015 ⁴
320 4021 427 4099 tione,
438 4021 655 4112 praeparando
671 4044 707 4087 ac
720 4021 929 4089 convehendo
939 4024 1117 4103 frumento,
1132 4024 1271 4090 luisset.”
1304 4020 1384 4087 Rul-

320 4132 441 4199 lianum
459 4154 533 4222 ergo
548 4133 786 4224 intelligebant,
803 4135 858 4199 sed
873 4158 938 4200 non
955 4136 1105 4202 convenit
1119 4134 1176 4200 ille
1194 4134 1382 4200 banoscum

324 4245 389 4313 siro
418 4246 561 4312 censorio
588 4258 620 4312 et
643 4247 815 4327 consulari;
839 4259 949 4313 contra
968 4248 1008 4312 ab
1029 4248 1095 4313 eius
1115 4248 1175 4314 filii
1195 4261 1298 4315 aetate
1317 4268 1382 4313 non

350 4502 372 4572 ¹)
388 4503 500 4554 Macron.
518 4498 573 4556 Sat.
591 4503 625 4555 X.
647 4509 686 4555 11.
754 4502 776 4569 ²)
792 4505 849 4557 uir.
867 4504 902 4556 X.
920 4511 962 4556 ³1.
1032 4502 1053 4572 8)
1071 4503 1105 4556 x.
1126 4510 1165 4556 11.
