3194 5302
335 461 373 522 le
722 461 742 543 5
763 461 791 522 4.
813 478 916 522 rursus
938 480 1032 524 raarr.

338 674 410 752 post
431 662 551 728 Urbem
574 685 591 726 a
612 662 745 727 Porsena
768 674 893 753 captam
913 664 1008 729 fuisse
1029 662 1216 741 traduntur,
1246 662 1310 728 sire
1326 662 1402 727 illae
1500 725 1505 728 ⁴

338 774 468 841 eaedem
497 774 616 840 fuerint
645 797 723 864 quas
748 774 873 842 Servius
895 777 1074 854 constituit,
1099 776 1163 841 sire
1184 788 1252 843 tum
1273 775 1403 841 demum

337 910 412 976 ager
432 888 593 955 Romanus
615 888 646 952 in
669 890 711 954 20
733 900 837 977 partes
860 887 977 953 divisus
995 888 1107 966 fuerit,
1132 886 1403 978 quemadmodum

336 1000 458 1065 Becker
480 1011 488 1049 ¹
513 1001 608 1067 rerba
627 999 783 1066 Liviana²
813 1001 963 1067 »Romae
982 1001 1082 1067 tribus
1104 1005 1143 1067 21
1165 1001 1286 1066 iactae''
1306 998 1404 1066 intel-

338 1112 418 1202 ligit.
466 1112 551 1179 Hinc
580 1113 740 1203 sequitur,
774 1114 905 1179 Fabiam
934 1127 1061 1204 gentem
1089 1116 1152 1179 iarn
1177 1113 1240 1179 illis
1264 1114 1404 1203 antiquis

336 1225 534 1314 temporibus
560 1223 640 1289 adeo
663 1225 810 1305 crevisse,
849 1238 884 1291 ut
904 1227 988 1292 inter
1006 1227 1218 1292 nobilissimas
1239 1238 1403 1291 numerata

336 1335 433 1401 fuerit
466 1349 497 1402 et
526 1360 592 1402 non
622 1338 689 1403 sine
720 1338 890 1403 clientibus
920 1362 989 1405 eam
1019 1340 1085 1428 agri
1113 1337 1249 1403 Romani
1279 1350 1404 1428 partem

336 1450 490 1529 tenuerit,
523 1449 575 1513 cui
605 1473 722 1517 nomen
755 1450 873 1517 tribule
893 1450 1086 1517 adhaereret.
1134 1450 1207 1517 Non
1232 1451 1318 1516 euim
1340 1450 1403 1514 buc

337 1560 421 1626 trahi
449 1574 554 1653 potest
584 1563 671 1654 quod
693 1563 869 1631 sacerdotio
892 1564 1110 1656 Lupercorum
1131 1564 1344 1641 inclaruisset,
1369 1575 1405 1627 ut

335 1673 498 1740 llaahhius
528 1677 719 1767 suspicatur;
756 1700 815 1743 nec
845 1700 919 1743 rero
946 1690 978 1743 et
1006 1678 1108 1742 tribus
1135 1689 1167 1741 et
1194 1699 1270 1766 gens
1295 1687 1404 1741 nostra

336 1808 453 1852 nornen
483 1790 575 1855 traxit
606 1812 643 1854 er
673 1790 733 1856 deo
755 1792 819 1856 sire
842 1790 939 1856 heroe
962 1791 1101 1881 quodam
1123 1777 1281 1880 indigele,
1305 1812 1402 1880 quem

335 1898 504 1965 tutelarem
533 1903 667 1990 gentiles
687 1903 878 1984 coluissent,
902 1915 938 1969 ut
965 1903 1192 1970 Niebuhrius⁸
1220 1903 1403 1994 proposuit,

334 2035 407 2077 nam
430 2013 521 2078 Fabii
543 2014 715 2082 Herculem
736 2015 917 2081 habuerunt
937 2014 1032 2081 talem
1055 2026 1243 2105 patronum;
1267 2013 1402 2104 explosit

333 2125 396 2192 iam
424 2124 507 2192 hanc
532 2128 717 2217 opinionem
742 2126 882 2193 Gerlach
904 2142 926 2192 ⁴.

379 2238 519 2307 Ubinam
547 2243 649 2307 tribus
677 2254 785 2308 nostra
815 2242 873 2306 sita
898 2241 1012 2319 fuerit,
1042 2242 1243 2330 ignoramus;
1265 2242 1402 2306 incertas

333 2351 373 2417 de
398 2352 460 2419 hoc
484 2368 673 2445 argumento
703 2355 780 2421 olim
800 2365 1036 2445 proposuerunt
1066 2354 1125 2419 riri
1156 2353 1244 2419 docti
1273 2355 1401 2419 coniec-

332 2477 470 2547 turas⁵,
503 2491 581 2558 quas
615 2490 702 2533 nunc
733 2491 798 2534 non
829 2468 1008 2559 proferam,
1041 2489 1117 2533 nam
1143 2465 1229 2530 haud
1254 2464 1400 2556 displicet

333 2579 534 2647 Niebuhrii⁰
570 2583 708 2673 suspicio
738 2582 854 2647 Fabios
882 2582 915 2647 in
939 2581 1022 2647 colle
1047 2579 1204 2664 Quirinali
1225 2579 1401 2658 habitasse,

333 2704 466 2783 propter
494 2714 654 2758 sacrorum
684 2692 906 2782 gentilicorum
938 2691 1113 2757 solemnem
1142 2692 1268 2770 locum,
1298 2702 1334 2757 ut
1360 2690 1399 2756 de

334 2802 490 2870 Corneliis
509 2816 652 2884 constat,
672 2803 758 2870 unde
779 2805 864 2869 ricus
884 2802 1051 2870 Cornelius
1070 2805 1104 2868 in
1123 2803 1237 2870 eodem
1256 2816 1375 2871 monte.

377 2914 563 2982 Perdurarit
594 2917 695 2983 tribus
721 2929 829 2983 nostra
857 2917 897 2982 ad
919 2917 1031 2983 ultima
1054 2940 1154 3008 usque
1176 2930 1319 3009 tempora
1338 2918 1399 2984 im·

331 3030 508 3119 peratoria3
528 3031 681 3097 habemus
697 3036 738 3102 90
755 3032 821 3097 fere
833 3032 1073 3122 inscriptiones,
1093 3033 1126 3096 in
1146 3031 1263 3123 quibus
1281 3055 1400 3098 nomen

332 3141 426 3209 huius
447 3144 548 3210 tribus
569 3144 699 3234 legitur,
724 3146 809 3212 unde
829 3157 934 3212 tamen
952 3146 998 3210 nil
1014 3146 1190 3226 lucramur,
1207 3169 1280 3211 nam
1298 3145 1400 3210 maior

331 3278 402 3345 pars
427 3279 464 3321 ex
489 3280 527 3323 eo
555 3269 697 3348 tempore
727 3281 793 3325 esse
825 3259 949 3325 ridetur
970 3282 1034 3350 quo
1056 3259 1298 3325 nominetenus
1318 3258 1399 3323 ratio

331 3368 460 3435 valeret.
1056 3360 1060 3364 ¹

380 3481 542 3565 Quaenam
571 3498 682 3573 gentes
712 3498 767 3551 aut
795 3486 935 3552 familiae
963 3487 996 3551 in
1027 3485 1086 3550 hac
1108 3485 1193 3550 tribu
1215 3484 1401 3574 suffragium

332 3594 481 3676 tulerint,
506 3597 623 3663 confici
646 3599 773 3689 nequit,
797 3622 870 3666 nam
893 3613 948 3665 aut
974 3599 1073 3666 semel
1095 3596 1232 3662 occurrit
1251 3597 1285 3661 in
1306 3597 1399 3663 certis

332 3708 487 3775 familiis⁷
505 3761 514 3790 ,
539 3724 594 3777 aut
613 3714 712 3778 semel
728 3713 806 3778 haec
826 3714 927 3779 tribus
945 3712 1013 3778 sola
1028 3713 1061 3777 in
1078 3710 1207 3776 familiis
1223 3709 1353 3777 dirersis
1370 3721 1399 3788 ⁸,

332 3834 386 3887 aut
408 3846 509 3913 quum
525 3825 649 3916 saepius
670 3839 841 3893 occurrunt
858 3826 932 3891 illae
949 3825 1105 3903 familiae,
1124 3833 1250 3913 praeter
1269 3823 1400 3888 Fabiam

358 4101 838 4162 ¹)Handt.d.Rom.Attarrt.11.1.
860 4108 917 4153 169.
967 4101 988 4171 ²)
1006 4105 1042 4153 Π.
1062 4109 1102 4153 21.
1153 4100 1173 4170 ⁵)
1191 4101 1225 4153 R.
1248 4101 1279 4155 G.
1298 4106 1319 4154 Ι.
1339 4108 1397 4155 466.

327 4183 348 4252 ⁴)
371 4182 486 4250 Vcrfcss.
503 4185 526 4236 d.
543 4184 611 4239 Sero.
633 4186 697 4238 Tull.
717 4195 776 4239 380.
811 4186 831 4254 5)
849 4189 983 4249 Beuufort,
1001 4184 1105 4253 Rapuit.
1123 4185 1193 4238 Rara.
1209 4190 1231 4239 I.
1250 4204 1274 4252 p.
1293 4193 1355 4249 172,
1374 4197 1399 4239 et

329 4285 391 4335 quos
408 4271 453 4320 ille
469 4272 563 4322 laudet.
622 4269 642 4338 ⁶)
661 4274 698 4323 II.
717 4291 743 4323 n.
760 4278 825 4333 381,
843 4288 867 4337 p.
885 4278 935 4321 222
953 4290 979 4322 n.
999 4279 1057 4322 443.
1105 4270 1125 4338 ⁷)
1143 4273 1271 4334 Menatia,
1288 4274 1399 4333 Mustio,

327 4355 432 4417 Parsia,
459 4357 544 4406 Vidia.
614 4354 634 4422 ⁸)
652 4358 795 4418 Postumia,
823 4356 957 4420 Quinctia,
985 4358 1110 4418 Ascania,
1138 4358 1247 4418 Letilia,
1273 4357 1397 4417 Publilia,

327 4439 416 4500 Resia,
451 4439 529 4504 Silia,
560 4441 693 4508 Apponia,
725 4443 841 4508 Nigidia,
871 4443 993 4506 Lacinia,
1017 4444 1130 4504 Aeonis,
1158 4443 1274 4508 Sepulla,
1301 4443 1397 4504 Lollia,

327 4524 454 4576 Fulrinia.
