3212 5294
324 446 383 509 184
577 466 606 517 o.
627 464 732 510 rarius
753 464 873 520 uretur,
895 463 1065 508 rusronreus
1085 446 1160 528 (36).

377 641 453 708 Soio
478 642 609 733 quidem
630 644 717 710 hunc
739 645 914 710 Fabianum
935 665 1104 708 numerum
1124 641 1224 707 dubio
1250 640 1398 707 nonnihil

335 755 509 822 obnoxium
537 757 637 823 rideri
663 757 866 849 Schweglero
890 769 914 835 ¹,
934 754 988 822 sod
1010 756 1125 847 quidni
1145 753 1275 820 aliunde
1296 767 1401 845 potest

335 881 554 959 computatum
585 894 666 950 esse,
700 895 727 936 v.
753 893 781 938 c.
804 870 958 961 exipsius
981 869 1082 935 Servii
1103 869 1316 935 centuriarum
1340 890 1402 933 nu·

337 1006 442 1061 mero,
475 983 500 1049 si
529 985 608 1051 ratio
637 984 691 1050 illa
721 983 865 1050 Glintoni
892 985 955 1050 iarn
988 984 1153 1049 observata
1172 981 1269 1048 luerit
1287 981 1329 1045 ab
1349 980 1399 1057 iis,

338 1095 394 1186 qui
414 1094 501 1163 adire
518 1109 668 1188 poterant
689 1098 814 1164 tabulas
835 1097 1003 1164 censorias.

338 1316 393 1386 ΝΟ.
428 1320 527 1386 XXll.
573 1320 675 1387 Ποθλνν
697 1319 922 1405 οξναννοοθζομαο
944 1321 1120 1400 μεμνῆσθαι
1137 1317 1274 1397 Φαβίου,
1299 1317 1403 1382 καὶτὸ

428 1434 561 1517 ρρθθυροον
581 1436 677 1498 αὑτοῦ
704 1432 772 1514 περὶ
799 1433 855 1507 τὴν
874 1432 1016 1512 ἐξέτασον
1030 1437 1090 1496 τῶν
1103 1430 1219 1512 χρόνων
1234 1428 1402 1509 ἐλέγχειν,

429 1545 480 1611 ἐπὶ
505 1545 569 1627 γὰρ
593 1552 650 1620 τῆς
668 1544 821 1625 Ἀροθντα
845 1552 996 1620 τελευτῆς
1020 1542 1199 1622 γενόμενος,
1223 1543 1256 1606 οὐ
1279 1542 1347 1606 καθ’
1371 1536 1404 1605 ἓν

429 1654 607 1735 ἁμαρτάνει
631 1653 740 1731 μόνον,
765 1651 780 1718 ὃ
799 1653 1009 1736 καὶπρότερον
1032 1650 1102 1741 (IV.
1118 1658 1156 1730 6,
1176 1656 1222 1740 7.)
1242 1650 1332 1734 ἔφαν,
1356 1649 1404 1717 θον

428 1766 594 1848 γέγραφεν
611 1766 673 1830 υἱθν
693 1761 770 1831 εἶναι
791 1764 963 1847 Ταρκυνίου
983 1767 1035 1831 τὸν
1049 1764 1228 1846 Ἀροθνταν,
1244 1764 1335 1829 ἄλλα
1349 1763 1403 1828 καὶ

429 1881 498 1945 καθ’
527 1874 642 1959 ἕτερον,
673 1873 719 1942 θ’τν
755 1875 852 1959 φησὶν
882 1876 1079 1943 ἀποθανόντα
1107 1876 1165 1942 ὑπὸ
1196 1883 1252 1949 τῆς
1289 1876 1406 1957 μητρὸς

426 1987 643 2059 Τανακυλίδος
666 1984 822 2069 νοθοθφθαν
844 1998 869 2051 ².

383 2102 457 2167 lure
486 2088 525 2166 an
548 2099 662 2164 iniuria
684 2098 855 2186 Dionysius
885 2099 1034 2189 carpserit
1052 2099 1143 2165 Fabii
1163 2098 1407 2189 chronologiam

338 2216 522 2292 rideamus3
548 2212 613 2277 duo
638 2223 732 2301 negat
758 2211 927 2299 Dionysius
946 2232 1019 2276 cunr
1040 2211 1168 2277 Pisone:
1194 2210 1407 2301 Tarquinium

338 2341 369 2396 et
401 2329 556 2394 aruntem
586 2336 675 2391 natos
705 2347 771 2390 esse
798 2347 836 2390 ex
866 2324 1040 2415 Tarquinio
1066 2324 1173 2391 Prisco
1194 2337 1226 2390 et
1248 2323 1407 2414 Tanaquil

340 2443 494 2507 Arunteur
531 2439 734 2505 demortuum
771 2438 962 2528 sepelivisse.
1035 2437 1278 2504 accuratissime
1317 2438 1409 2504 aunis

337 2552 529 2645 computatis
553 2550 647 2618 docet
670 2551 878 2642 Tarquinium
899 2550 1082 2641 Superbum
1102 2574 1187 2616 anno
1209 2550 1320 2617 aetatis
1343 2554 1409 2619 108

336 2678 500 2733 mortuum
535 2689 618 2742 esse,
653 2687 790 2755 quorum
819 2687 877 2754 per
908 2669 948 2729 14
979 2677 1157 2754 postremos
1185 2665 1252 2756 ipse
1278 2677 1410 2732 strenue

340 2778 463 2844 bellurn
484 2777 578 2867 gessit
593 2789 703 2841 contra
724 2776 878 2855 Romam3
902 2776 1012 2842 itidern
1032 2778 1134 2843 Aruns
1153 2777 1193 2843 de
1207 2776 1313 2843 rnedio
1330 2778 1411 2844 sub-

340 2891 423 2956 latus
446 2913 465 2953 a
489 2887 591 2953 Lucio
610 2900 642 2953 et
662 2888 765 2953 Tullia
787 2889 908 2955 minore
929 2889 1072 2980 sepultus
1093 2901 1174 2955 esset
1194 2914 1212 2955 a
1233 2890 1285 2979 pia
1306 2903 1410 2957 rnatre

341 3001 514 3092 Tanaquil,
538 3025 620 3092 quae
640 3012 674 3066 ut
687 3001 741 3066 ille
762 3015 849 3068 recte
869 3014 1052 3092 computat,
1070 3025 1188 3067 annum
1208 3006 1271 3068 115
1284 3002 1411 3092 egisset.

342 3114 430 3199 Quae
451 3137 549 3204 quunr
573 3115 644 3182 Piso
662 3115 783 3205 primus
802 3116 1011 3206 perspexerit,
1029 3114 1115 3182 hunc
1136 3115 1244 3182 locum
1256 3116 1295 3181 ad
1308 3116 1412 3207 liqui-

342 3228 419 3294 dum
447 3229 623 3318 perducere
652 3240 785 3295 conatus
810 3241 856 3295 est
884 3241 985 3321 spreta
1013 3230 1169 3320 Tanaquil
1196 3230 1410 3320 excogitando

341 3353 474 3407 matrem
489 3341 659 3432 Geganiam
681 3342 868 3432 quamdam,
887 3343 928 3408 de
948 3365 1012 3433 qua
1029 3365 1069 3407 ne
1081 3341 1212 3408 verbum
1233 3342 1365 3433 quidem
1377 3344 1413 3410 in

343 3455 520 3521 annalibus.
552 3454 722 3544 Dionysius
741 3467 826 3521 recte
846 3457 937 3522 istaut
948 3456 1069 3545 respuit
1084 3467 1116 3520 et
1134 3455 1359 3545 simpliciorem
1378 3457 1414 3523 iu

325 3567 477 3634 >modum
503 3592 568 3636 rem
590 3569 745 3660 explicat,
769 3567 920 3658 ponendo
942 3569 1078 3634 Lucium
1099 3580 1132 3634 et
1154 3568 1307 3633 llruutem
1331 3569 1415 3634 Tar-

343 3681 446 3771 quinii
477 3681 574 3747 Prisci
602 3682 698 3749 fuisse
725 3695 870 3773 nepotes.
918 3680 1114 3747 Niebuhrius
1142 3693 1155 3731 ⁸
1185 3704 1311 3747 surnnro
1339 3681 1414 3748 iure

343 3793 450 3859 noluit
469 3793 613 3883 Dionysii
633 3796 771 3887 arripere
790 3796 1021 3886 suspicionem,
1045 3797 1153 3860 innata
1172 3795 1257 3861 enirn
1276 3807 1324 3860 est
1342 3792 1415 3860 his-

344 3906 444 3971 toriae
463 3906 547 3972 fama
567 3904 607 3973 de
628 3908 816 3998 Tarquinio,
841 3909 930 3974 cuius
951 3908 1034 3973 filios
1055 3907 1110 3973 ubi
1130 3905 1257 3973 Servius
1278 3930 1414 3997 arogno

345 4020 532 4099 retinuerit,
555 4020 704 4110 expulsus
719 4034 781 4100 est;
810 4022 893 4087 iusto
910 4020 1060 4086 audacius
1076 4021 1102 4086 is
1126 4021 1204 4110 agit,
1230 4022 1287 4111 qui
1307 4021 1416 4086 inin·

346 4142 431 4196 certa
455 4129 661 4222 chronologia
682 4144 778 4223 atque
797 4146 901 4201 aetate
922 4146 1023 4200 toturn
1043 4157 1142 4223 genus
1161 4134 1289 4199 inserat.
1336 4132 1416 4200 Alio

346 4241 442 4308 nrodo
470 4242 640 4310 difficultas
670 4245 812 4312 tollenda
841 4247 919 4326 erit,
952 4249 1077 4313 numeri
1098 4269 1162 4313 non
1184 4268 1259 4313 roro
1277 4268 1418 4336 genera-

372 4489 392 4558 θ)
409 4488 443 4541 R.
465 4489 495 4545 G.
513 4494 535 4544 1.
556 4495 605 4544 760
624 4508 649 4544 u.
669 4497 693 4543 6.
715 4556 726 4566 ⁸
755 4490 775 4561 θ)
793 4494 1009 4548 nion.11a1.1v.
1026 4504 1067 4549 30.
1121 4494 1141 4565 ³)
1160 4494 1195 4547 R.
1211 4494 1279 4550 G.1.
1295 4502 1344 4549 412
1362 4511 1425 4566 sqq.
