3190 5304
337 452 397 518 sto
460 477 486 525 o.
499 474 601 518 rarius
612 452 640 522 o.
653 473 679 516 r.
691 473 718 523 o.
730 472 757 515 rs.
770 470 900 515 uxxrrus
911 450 985 536 (42).
1000 452 1021 535 3
1035 454 1060 515 l.
1072 470 1169 514 sucus
1180 453 1349 517 551-558.

386 649 461 715 11¹.
495 648 565 716 Alia
594 647 759 739 exempla,
791 670 876 738 quae
894 648 934 713 ab
953 647 1012 713 illo
1034 646 1185 713 differunt
1205 646 1292 738 quod
1314 671 1406 739 prora

345 764 438 829 aliter
461 785 548 828 rersa
573 762 622 828 sit.

351 930 354 937 .
389 875 572 965 Utrumque
599 873 706 940 Labeo
735 874 794 939 sibi
824 873 964 939 vindieat
994 886 1115 951 noster,
1146 896 1205 940 nee
1233 873 1408 965 quidquam

344 999 452 1055 moret
471 987 710 1065 difficultatem,
729 1009 789 1052 uec
805 1009 879 1052 vero
896 986 1034 1052 illustrat
1051 985 1231 1066 historiam,
1251 987 1312 1052 nisi
1327 988 1410 1053 sorte

344 1099 503 1167 Dederich
524 1123 634 1167 rerum
653 1099 768 1165 dixerit
799 1122 882 1165 »eos
904 1099 938 1164 in
961 1099 1147 1164 memoriam
1177 1097 1331 1189 triumphi
1348 1122 1409 1176 na·

345 1214 423 1280 ralis
442 1214 600 1279 Labeonis
620 1237 686 1280 esse
701 1215 903 1304 percussos.”
938 1211 1125 1278 Vailla‘ntius
1143 1235 1218 1278 sero
1236 1235 1301 1278 nou
1322 1222 1410 1277 recte

344 1326 433 1394 dedit
457 1351 474 1392 a
498 1327 648 1393 Labeone
671 1326 848 1391 Romanam
871 1325 1004 1391 classem
1028 1335 1153 1390 anetam
1176 1346 1252 1391 esse.

390 1436 485 1503 1112.
519 1436 623 1528 Caput
653 1436 738 1502 loris
761 1437 957 1515 laureatum,
992 1446 1065 1502 ante
1087 1436 1136 1514 A,
1168 1458 1252 1526 pone
1273 1434 1413 1502 Senatus

350 1549 514 1616 Consulto.

390 1663 513 1753 Iupiter
531 1663 563 1727 iu
584 1661 764 1754 quadrigis‚·
783 1662 970 1753 ceteroquin
990 1660 1074 1728 idern
1094 1683 1131 1726 ac
1155 1660 1208 1728 N⁰.
1231 1662 1257 1729 l.

392 1774 499 1842 Facile
514 1776 723 1865 intelligimus
740 1775 826 1841 laune
841 1773 1007 1840 denarium
1024 1773 1064 1839 ad
1079 1773 1215 1840 eundem
1228 1773 1412 1841 Labeonem

347 1889 458 1954 referri
475 1912 583 1979 posse,
609 1889 729 1980 quippe
747 1889 804 1980 qui
822 1887 1003 1953 simillimus
1028 1888 1074 1967 ei,
1107 1908 1202 1976 quern
1223 1887 1331 1952 Labeo
1349 1885 1413 1950 sibi

346 2000 501 2080 vindicat,
524 2002 648 2068 etiarnsi
677 2025 740 2067 nou
761 2001 848 2066 illius
871 2024 986 2067 nomeu
1007 2000 1281 2090 adscripturum,
1306 2009 1413 2090 potest
1499 2088 1503 2093 ᾖ

347 2124 451 2180 tamen
472 2115 513 2181 ab
532 2115 596 2181 alio
618 2139 654 2182 ex
676 2114 712 2199 Q.
731 2113 839 2180 Fabiis
862 2136 972 2180 cusum
997 2137 1073 2180 esse.

737 2505 919 2578 CAPUT
954 2503 1020 2578 IX.

493 2681 633 2742 orsurus
655 2682 776 2730 rxarus
798 2682 829 2742 o.
856 2682 885 2731 r.
910 2681 940 2742 o.
965 2680 996 2729 u.
1019 2677 1171 2727 sxxxxxxus
1194 2658 1275 2751 (42).

642 2847 659 2929 §
687 2849 715 2910 1.
761 2847 881 2944 Augur
905 2845 1083 2910 551-558
1103 2849 1127 2907 ⁸.

390 3021 540 3088 Vidimus
561 3045 654 3112 supra
677 3035 689 3073 ⁴
720 3020 944 3090 Cunctatorem
975 3044 1125 3111 augurem
1147 3033 1414 3105 esse-mortuum,

343 3136 376 3202 in
407 3136 473 3201 eins
500 3135 607 3200 locum
635 3137 840 3227 inauguratus
868 3148 914 3202 est
945 3137 980 3220 Q.
1001 3136 1118 3201 Fabius
1139 3135 1291 3201 Maximus
1310 3136 1414 3215 lilius,

346 3252 401 3340 qui
424 3262 528 3317 tamen
549 3248 633 3314 baud
653 3250 696 3315 ita
716 3251 770 3315 diu
792 3250 854 3316 hoe
875 3250 1050 3316 sacerdotio
1074 3250 1203 3315 functus
1231 3262 1292 3328 est,
1325 3273 1414 3316 mor·

347 3376 420 3429 tuus
440 3374 487 3428 est
507 3363 593 3428 anim
614 3385 697 3428 anno
726 3369 792 3430 558
814 3362 986 3429 admodum
1008 3363 1204 3442 adolesoeus,
1227 3365 1414 3454 priusquam

348 3475 450 3541 ullum
472 3475 690 3565 magistratum
713 3487 847 3565 caperet.

394 3585 563 3670 Quaeritur
578 3586 708 3677 quinam
723 3587 819 3675 fuerit
835 3588 913 3654 ille?
948 3588 1055 3654 Facile
1069 3599 1174 3679 potest
1199 3589 1315 3654 confici
1336 3614 1416 3682 pro-

346 3714 418 3791 pter
429 3699 515 3765 illius
534 3711 684 3779 aetatem3
706 3701 847 3782 nondum
869 3701 907 3766 ad
929 3724 1048 3768 annum
1069 3703 1179 3767 aetatis
1201 3706 1244 3767 28
1258 3725 1415 3794 perreue-

347 3823 412 3890 rat,
433 3812 523 3902 atqui
545 3824 635 3877 natus
654 3825 701 3879 est
721 3837 805 3879 anno
825 3817 905 3894 530,
928 3800 1002 3905 ergo
1020 3828 1150 3906 apparet
1172 3837 1245 3881 eum
1265 3828 1414 3906 nepotem

350 3923 519 3992 Verrucosi
546 3924 642 3991 fuisse
669 3938 701 3991 et
731 3926 836 3993 filium
866 3926 904 4011 Q.
929 3927 1057 3992 Maximi
1078 3931 1148 4018 (37)
1172 3928 1310 3996 consulis
1331 3935 1416 4011 541,

348 4039 404 4128 qui
427 4038 494 4127 ipse
512 4035 604 4102 initio
628 4037 722 4105 huius
740 4040 860 4106 saeculi
878 4052 972 4106 natus
997 4053 1074 4108 erat.

379 4255 399 4321 ¹)
417 4259 483 4307 Mor.
495 4259 521 4307 N
523 4259 545 4308 ⁰.
554 4259 576 4308 1.
587 4258 622 4309 A.
663 4254 684 4323 ²)
702 4259 768 4308 Mor.
783 4260 832 4309 ΝΟ.
841 4261 864 4309 1.
874 4261 911 4320 B‚·
924 4260 991 4311 Ricc.
1001 4262 1051 4312 tub.
1061 4262 1148 4312 LXII.
1162 4268 1184 4314 1.
1224 4260 1245 4329 ⁸)
1262 4266 1319 4318 Lis.
1330 4266 1425 4320 XXX.

346 4346 394 4406 26,
413 4344 546 4394 XXXIII.
566 4349 607 4394 44.
660 4342 681 4410 l)
698 4343 737 4397 Cf.
756 4344 816 4409 Cap.
835 4346 886 4409 ν)
908 4348 937 4394 16
955 4346 1029 4397 huius
1046 4348 1131 4412 Libri,
1149 4363 1173 4415 p.
1193 4354 1252 4402 347.

773 4510 984 4523 'nh—*-
