3190 5304
336 484 396 546 436
485 503 513 553 o.
534 499 637 544 aratus
658 503 687 551 o.
708 500 735 543 r.
757 500 786 549 o.
807 497 835 540 u.
858 494 989 539 narratus
1010 494 1170 538 arnicauos
1192 476 1268 559 (57).

390 679 533 745 Goltzius
553 676 640 742 huno
662 674 826 741 denarium
848 673 986 762 vulgarit
1007 671 1045 736 ad
1068 671 1168 736 nostri
1189 670 1413 751 consulatum;

345 792 428 884 quod
459 814 532 856 vero
565 790 706 855 Vaillant
734 786 882 879 perbibet
910 787 1044 874 Augusti
1068 784 1265 874 temporibus
1285 784 1413 849 nonnisi

343 906 496 997 principis
525 905 660 993 effigiem
693 903 823 992 signari,
853 899 972 965 refellit
995 899 1177 976 Morellius3
1201 896 1277 963 bino
1295 897 1352 962 ille
1372 897 1413 961 de

344 1018 429 1084 ludis
460 1017 699 1108 Apollinaribus
728 1014 904 1105 cogitabat,
938 1035 975 1078 er
1005 1024 1133 1077 senatus
1157 1011 1304 1077 consulto
1326 1012 1413 1076 cele-

345 1131 459 1208 bratis,
484 1156 500 1195 a
520 1143 667 1221 praetore
689 1152 763 1218 ergo
783 1151 856 1194 eum
878 1127 1036 1217 signatum
1057 1125 1221 1202 credebam
1245 1137 1278 1189 at
1293 1124 1414 1188 Moral-

344 1245 406 1309 lius
423 1245 588 1310 contendit
606 1242 688 1308 illud
705 1241 868 1308 consulem
887 1240 991 1305 lacere
1007 1239 1161 1330 potuisse,
1178 1261 1260 1328 quae
1276 1237 1414 1328 pecunia

346 1357 378 1423 iu
405 1381 496 1422 usum
521 1356 651 1423 illorum
675 1354 826 1422 ludorum
851 1377 927 1420 cusa
950 1364 1006 1419 est.

798 1530 957 1539 ----—

731 1626 914 1700 CAPUT
946 1625 1028 1699 XX.

367 1791 505 1851 oururus
526 1791 641 1838 riorus
665 1771 721 1860 (o.)
745 1790 775 1838 r.
798 1772 854 1861 (o.)
878 1790 907 1836 rr.
931 1789 1083 1836 urxruus
1103 1788 1285 1837 tunicatus
1307 1770 1403 1860 (57).

710 1925 727 2007 §
759 1924 785 1988 1.
836 1919 962 1986 Consul
982 1926 1058 1988 744.

526 2061 552 2122 Q.
571 2060 671 2108 taurus
691 2058 716 2122 Q.
735 2060 759 2109 F.
778 2060 805 2123 Q.
824 2060 851 2109 N.
872 2059 1002 2106 MlellUS
1020 2059 1177 2108 truttauus
1196 2058 1215 2108 ἵ.

529 2144 623 2192 tutius
643 2144 783 2193 ANTONIUS
803 2147 832 2193 Μ.
852 2145 876 2192 F.
896 2146 925 2194 Μ.
945 2145 971 2192 Ν.

391 2259 426 2341 Q.
440 2258 558 2323 Fabius
569 2257 725 2324 Maximus
741 2257 831 2323 biooe
844 2282 860 2322 a
873 2257 1046 2337 Suetonio,
1063 2257 1119 2321 ubi
1137 2269 1243 2322 narrat
1258 2256 1319 2321 hoc
1332 2279 1418 2324 anno

344 2372 494 2460 Lugduni
505 2383 613 2436 natum
627 2395 693 2437 esse
706 2372 867 2438 Tiberium
882 2369 1053 2436 Claudium
1063 2369 1158 2435 Drusi
1168 2370 1286 2449 filium,
1297 2369 1416 2435 dicitur

346 2485 531 2562 Africanus,
548 2484 631 2575 apud
651 2483 873 2550 Cassiodorum
897 2495 1006 2549 contra
1027 2496 1059 2548 et
1079 2483 1283 2570 Anonymum
1299 2481 1417 2548 Norisii

343 2611 375 2663 et
390 2598 499 2663 Fastos
510 2596 635 2663 Siculos
652 2598 740 2662 audit
758 2597 926 2662 Africanus
938 2597 1030 2661 Fabii
1045 2597 1184 2686 collega,
1202 2609 1341 2663 attamen
1355 2596 1416 2661 du·

345 2712 433 2775 bium
448 2711 575 2776 sustulit
589 2734 737 2775 nummus
750 2711 831 2775 bene
845 2711 1036 2800 explicatus,
1051 2709 1091 2777 de
1104 2731 1169 2799 quo
1179 2709 1286 2774 statim
1300 2709 1414 2775 dicam.

391 2822 565 2913 Perparum
587 2822 708 2901 abluit,
734 2824 811 2912 quin
835 2822 992 2888 bocanno
1016 2835 1028 2871 ²
1053 2821 1124 2887 lani
1146 2822 1305 2912 templum
1324 2821 1412 2886 elau-

344 2935 489 3013 deretur,
524 2934 578 2999 sed
611 2936 778 3025 congelato
810 2935 891 3002 lstro
914 2937 946 3000 in
968 2935 1162 3000 Pannoniam
1185 2933 1263 2999 Daoi
1284 2935 1413 2998 traiece-

341 3062 433 3125 runt,
463 3045 499 3111 hi
524 3047 620 3137 igitur
641 3049 703 3114 iam
726 3048 895 3138 subigendi
915 3061 1020 3126 erant,
1043 3047 1302 3138 quod'Tiberius
1323 3046 1413 3123 lenit,

347 3161 423 3226 dum
447 3160 567 3226 Drusus
588 3161 753 3229 Celtarum
776 3162 1030 3253 Chattorumque
1054 3185 1144 3251 agros
1164 3162 1307 3229 vastarit.

738 3310 756 3393 ᾖ
783 3309 813 3373 2.
860 3307 1031 3374 Nummus.

392 3448 544 3539 Vulgarit
574 3448 699 3515 Eclrhel
732 3462 744 3499 ³
777 3473 962 3529 nummum,
995 3449 1027 3513 in
1054 3472 1119 3539 quo
1146 3449 1288 3513 cernitur
1313 3446 1414 3541 Caput

347 3562 482 3651 Augusti
500 3575 536 3627 ut
553 3563 679 3628 ridetur
696 3561 836 3642 nudum,
852 3562 959 3630 APR.
973 3561 1047 3629 ΓΑ.
1060 3558 1195 3628 PIt'OC
1196 3561 1259 3630 OS.
1271 3562 1311 3627 V
1311 3562 1390 3628 IIV
1390 3565 1415 3628 ir

350 3668 521 3742 E'PULo.

394 3788 543 3853 Protome
571 3789 676 3879 capito
701 3790 806 3856 relato
833 3789 983 3868 barbato,
1008 3788 1095 3878 quod
1124 3787 1209 3879 pileo
1232 3789 1415 3879 peregrinae

353 3902 476 3967 formae
497 3901 664 3991 integitur,
688 3902 1006 3970 JIADBIJMetum.

393 4013 559 4080 Haalrhius
587 4016 748 4105 probabili
777 4016 960 4081 o‘onieotura
989 4014 1076 4079 hune
1104 4037 1270 4082 nummum
1295 4015 1334 4081 ad
1357 4015 1414 4081 ra-

349 4127 438 4192 bium
470 4140 615 4194 nostrum
643 4128 767 4208 retulit,
799 4131 888 4194 cuius
917 4141 1051 4194 aetatem
1075 4128 1181 4192 innuit
1202 4128 1336 4218 Augusti
1366 4151 1415 4194 oa·

348 4253 425 4330 put,
449 4252 613 4330 praeterea
635 4241 770 4306 credidit
790 4265 854 4307 non
877 4241 987 4308 APlt.
1016 4242 1050 4306 iu
1078 4264 1116 4307 eo
1143 4265 1209 4308 esse
1231 4264 1343 4309 cusum
1365 4241 1415 4307 sed

379 4452 399 4512 ¹)
417 4453 466 4502 Dio
483 4451 552 4503 Caso.
570 4454 644 4503 Ltv.
662 4457 709 4513 363
728 4455 797 4505 Suet.
822 4453 907 4505 Oloud.
926 4462 955 4514 2;
974 4455 1095 4514 Cassiod.;
1114 4455 1167 4506 An.
1186 4456 1262 4517 Nom
1285 4456 1355 4508 uasa.
1373 4456 1419 4508 sie.

344 4536 364 4605 ἲ)
383 4538 432 4587 Dio
441 4537 508 4588 Cass.
519 4538 591 4589 LIV.
602 4541 649 4596 36;
665 4539 800 4604 Liv.Epit.
810 4540 969 4603 cxxx1x;
984 4541 1052 4591 Flor.
1062 4541 1112 4592 IV.
1125 4546 1155 4590 12
1165 4541 1177 4605 Q
1187 4546 1229 4591 26.
1273 4538 1295 4608 5)
1309 4543 1358 4594 1v.
1370 4545 1420 4589 tat.
