3212 5294
335 405 395 467 260
479 423 507 472 c.
529 421 632 466 riorus
653 422 685 478 u.¹
705 424 734 467 r.
755 422 783 465 a.
804 421 832 464 a.
856 419 987 463 utxruus
1009 419 1172 462 normanus
1192 400 1269 482 (17).

346 598 504 690 expeditio
523 598 698 689 quaedam,
721 621 785 689 qua
803 597 937 664 Decium
960 597 1001 662 ab
1019 596 1108 664 Urbe
1128 596 1292 686 seiungere
1311 616 1409 660 cona·

345 724 465 779 rentur.
511 711 579 778 Nec
606 714 723 777 mirum
744 713 900 802 placuisse
921 711 1043 776 senatui
1066 709 1202 776 Fabium
1222 728 1259 774 er
1281 707 1411 773 Samnio

347 848 512 905 revocare,
546 824 622 890 dum
653 825 769 891 Decius
801 825 923 915 magnis
946 825 1112 890 itineribus
1134 823 1174 887 ad
1194 822 1317 889 Urbem
1337 843 1410 910 per·

346 951 444 1029 geret.
491 941 527 1003 lu
558 941 624 1028 agri
654 937 838 1028 Pupiniensi
870 938 982 1002 consul
1012 934 1173 1015 consedit,
1206 957 1303 1024 quem
1334 954 1409 998 rero

344 1076 409 1118 non
429 1075 502 1117 eum
522 1052 619 1117 fuisse
636 1050 746 1129 credo,
767 1051 824 1141 qui
839 1050 1014 1116 secundum
1035 1049 1161 1114 Livium
1181 1061 1189 1098 ¹
1210 1068 1309 1138 prope
1329 1044 1410 1111 Tus-

345 1166 455 1231 culum
482 1178 513 1231 et
539 1165 655 1231 Gabios
679 1176 746 1230 erat
765 1187 949 1255 nomenque
969 1163 1165 1253 Pupinianae
1185 1161 1285 1227 tribui
1305 1158 1411 1234 dedit,

344 1301 418 1344 narn
437 1277 476 1342 ad
494 1278 741 1367 septentrionem
761 1277 843 1344 Urbs
859 1289 926 1343 erat
946 1275 1072 1342 tuenda.
1102 1273 1218 1339 Fabius
1229 1295 1266 1338 er
1279 1271 1409 1337 Samnio

345 1392 450 1456 statim
468 1390 558 1457 duxit
575 1391 715 1482 legiones
731 1392 764 1456 iu
785 1391 970 1477 Umbriam,
989 1388 1204 1480 pervenitque
1215 1385 1411 1462 Mevaniam,

345 1526 427 1593 quae
443 1502 519 1568 urbs
537 1503 703 1570 interiacet
719 1503 900 1595 Spoletium
919 1515 951 1569 et
972 1503 1147 1581 Perusiam3
1166 1500 1246 1566 adeo
1265 1499 1411 1565 celeriter

344 1639 383 1682 co
410 1617 570 1707 persenit,
596 1631 632 1684 ut
652 1617 768 1684 Umbri
789 1641 807 1681 a
828 1617 993 1708 proposito
1014 1615 1173 1682 absterriti
1193 1614 1226 1678 in
1249 1613 1342 1679 urbes
1361 1634 1409 1677 re·

346 1730 481 1810 dierint3
504 1755 577 1822 pars
598 1755 709 1797 eorum
729 1731 892 1796 fortunam
911 1729 1072 1820 experturi
1090 1730 1123 1794 in
1139 1729 1230 1818 plaga
1252 1724 1410 1791 Materiae

342 1867 483 1934 pugnarn
506 1844 637 1921 ineunt,
661 1843 739 1908 dum
758 1843 870 1908 consul
890 1854 990 1908 castra
1010 1841 1185 1907 muniebat.
1232 1837 1408 1906 Confestim

343 1966 499 2020 certaturn
529 1966 591 2033 est,
615 1952 669 2019 sed
699 1954 821 2044 absque
848 1952 979 2032 ordine,
1010 1954 1054 2018 ita
1082 1965 1116 2019 ut
1140 1975 1247 2044 pugna
1265 1951 1409 2016 eominus

342 2067 441 2135 fuerit
468 2067 661 2132 atrocissime
680 2079 781 2156 gesta3
807 2067 915 2157 plures
935 2067 1021 2158 capti
1043 2077 1116 2132 sunt
1138 2087 1233 2157 quam
1253 2065 1350 2143 caesi,
1374 2076 1409 2128 ut

343 2182 449 2246 Livius
469 2181 549 2260 fert,
566 2180 610 2247 ita
633 2192 668 2246 ut
687 2205 760 2246 mox
778 2204 811 2246 sc
826 2179 1026 2258 dediderint,
1047 2177 1134 2270 quod
1154 2178 1335 2269 exemplum
1355 2200 1409 2242 ce-

344 2297 404 2361 teri
435 2294 551 2361 Umbri
580 2295 680 2360 secuti
709 2307 801 2370 sunt,
834 2292 1016 2359 Ocriculani
1039 2305 1145 2358 autern
1169 2291 1357 2357 nominatim
1376 2291 1409 2355 in

345 2408 517 2473 amicitiam
547 2408 669 2498 accepti
689 2407 853 2485 feruntur,
879 2406 966 2472 unde
986 2404 1170 2471 deduxerirn
1194 2427 1246 2469 eos
1265 2427 1330 2469 nou
1350 2403 1409 2471 de-

340 2523 458 2589 iecisse.

626 2680 644 2760 §
671 2680 721 2742 ll.
770 2677 840 2742 Pro
865 2679 996 2742 consule
1022 2681 1083 2743 447
1111 2690 1137 2744 ².

390 2855 543 2922 Nondum
574 2856 614 2921 ad
644 2857 741 2922 finem
769 2856 890 2923 bellum
921 2871 988 2924 erat
1015 2858 1196 2938 redactum,
1226 2883 1325 2950 quum
1347 2860 1409 2924 iarn

349 2971 553 3060 magistratus
572 2993 673 3035 annus
697 2972 927 3062 praeterlapsus
947 2985 1032 3051 erat,
1056 2974 1145 3062 atqui
1164 2973 1262 3039 llabio
1287 2984 1413 3040 senatus

346 3083 515 3173 imperium
542 3085 723 3174 prorogarit
744 3084 929 3151 adversante
948 3086 1029 3176 dpp.
1052 3084 1205 3164 Claudio,
1228 3100 1264 3151 ut
1287 3088 1411 3163 ferunt,

347 3195 404 3285 qui
432 3208 507 3261 tunc
531 3196 568 3261 ad
592 3197 792 3263 consulatum
813 3211 1008 3288 pervenerat.
1058 3198 1162 3289 Appio
1184 3222 1249 3264 non
1269 3201 1408 3289 potuisse

346 3308 473 3400 placere
506 3308 650 3406 Rulliani
679 3310 895 3399 magistratum
925 3312 1042 3377 iterum
1068 3323 1292 3402 prorogatum,
1316 3313 1411 3378 facile

347 3422 480 3486 inventu
510 3433 594 3499 erat,
618 3445 691 3488 nam
716 3423 835 3489 Fabius,
853 3424 1010 3490 restiterat
1033 3424 1156 3516 Appio,
1180 3448 1280 3516 quum
1300 3438 1410 3492 contra

347 3533 451 3624 legem
474 3533 641 3601 Aemiliam
661 3536 764 3603 nollet
785 3559 951 3605 censuram
974 3537 1154 3628 deponere;
1177 3539 1304 3605 ridetur
1326 3563 1411 3606 nunc

343 3647 475 3745 demum
497 3647 558 3714 boc
579 3671 711 3714 munere
731 3673 763 3715 sc
785 3651 966 3731 abdicasse,
989 3654 1072 3719 forte
1091 3675 1129 3719 ea
1148 3651 1352 3733 conditione,
1375 3667 1410 3718 ut

346 3772 517 3851 prorogato
539 3760 683 3827 Rulliani
713 3762 848 3853 imperio
871 3763 990 3853 ipsein
1010 3763 1277 3844 Urbemanerct,
1300 3763 1410 3855 ibique

347 3873 498 3965 operibus
517 3888 692 3964 praeesset,
712 3897 795 3964 quae
817 3875 912 3942 modo
930 3888 1003 3942 ante
1022 3899 1134 3943 censor
1149 3877 1316 3944 locaverat.
1346 3877 1410 3943 lte-

343 3989 444 4077 nique
466 3987 548 4052 alter
567 3988 679 4053 consul
700 3988 848 4055 adversus
869 3986 1064 4055 Sallentinos
1084 3989 1175 4056 duxit
1194 3991 1354 4080 legiones,
1378 4005 1410 4056 et

346 4101 462 4166 Fabius
482 4114 592 4166 contra
613 4101 779 4170 Samnites.
808 4103 912 4193 Negat
929 4103 1149 4170 Niebuhrius³
1170 4117 1316 4172 senatum
1334 4128 1412 4196 pro·

345 4236 455 4304 rogare
475 4215 615 4305 potuisse
635 4216 734 4282 Fabio
755 4217 923 4307 imperium
943 4216 1009 4283 sine
1026 4218 1138 4335 populi
1164 4240 1320 4285 consensu
1338 4231 1410 4285 ante

369 4460 510 4527 ¹)xxv1.
530 4468 555 4511 a.
621 4460 643 4530 ²)
660 4464 717 4515 aa.
735 4464 784 4516 nr.
804 4471 846 4517 42.
917 4463 937 4533 ὅ)
955 4463 989 4516 a.
1009 4462 1039 4518 u.
1058 4467 1109 4518 111.
1129 4472 1189 4518 are.
