3212 5294
314 461 375 524 244
457 482 485 532 o.
506 481 609 526 rannus
629 481 661 526 rr.
682 482 710 526 r.
732 481 760 526 n.
782 480 811 526 a.
832 482 962 526 narrans
983 481 1148 526 concussos
1168 465 1245 548 (tt).

322 669 456 724 mortem
476 658 537 724 sibi
557 658 723 726 conscivit.
752 656 859 726 Livius
876 672 1001 740 contra,
1020 661 1078 752 qui
1096 661 1156 726 sibi
1174 659 1298 750 egregie
1316 659 1387 749 pla·

326 784 378 837 cet
408 772 441 836 in
473 770 611 839 victoriis
639 772 840 853 enarrandis,
875 775 1002 839 miscuit
1034 772 1117 839 hanc
1149 796 1290 864 pugnam
1320 793 1394 838 curn

326 884 448 975 proelio
468 885 507 951 ad
528 885 717 965 Saticulam,
745 886 780 951 in
802 909 867 977 qno
888 887 1002 952 infesta
1023 886 1154 978 cuspide
1176 884 1309 950 Aulium
1331 896 1395 949 tra·

326 997 373 1062 dit
401 998 566 1065 interiisse.
615 999 720 1083 Quum
746 1022 819 1066 rero
846 999 879 1064 in
899 998 1029 1065 historia
1053 999 1197 1065 Romana
1218 995 1395 1089 optandum

328 1123 375 1176 est
402 1113 486 1178 inter
506 1110 630 1178 cladem
655 1125 686 1178 et
707 1111 890 1191 victoriam,
918 1113 986 1178 noli
1003 1112 1166 1191 dubitare,
1190 1111 1270 1202 quin
1289 1108 1395 1176 clades

328 1237 457 1314 accepta
489 1225 549 1305 sit;
570 1225 624 1291 sed
648 1224 757 1291 Livius
781 1224 838 1314 qui
859 1247 1036 1316 numquam
1057 1224 1245 1291 dictatorem
1270 1222 1397 1313 scripsit

328 1337 448 1403 rictum
469 1361 551 1415 esse,
575 1337 689 1403 maluit
707 1337 808 1403 Fabio
832 1338 997 1404 victoriam
1017 1338 1166 1404 tribuere.

375 1449 467 1533 Quod
483 1462 588 1517 autem
609 1452 728 1542 respuit
747 1450 872 1531 Livius,
888 1474 997 1517 rerum
1010 1474 1077 1517 esse
1095 1450 1259 1517 contendo
1266 1460 1399 1541 propter

328 1561 461 1627 iliodori
482 1561 694 1627 testimonium
711 1583 839 1627 necnon
857 1574 990 1653 propter
1004 1586 1057 1643 ea,
1078 1585 1160 1653 quae
1176 1562 1302 1641 Livius,
1321 1560 1397 1626 dor·

327 1678 477 1741 mitanter
505 1675 571 1741 fere
597 1674 748 1754 dixerim,
781 1674 962 1765 subiungit:
995 1698 1053 1765 per
1081 1674 1204 1764 aliquot
1231 1674 1297 1741 dies
1322 1688 1396 1766 post

327 1811 468 1879 pugnam
496 1788 684 1854 dictatorem
712 1787 877 1853 retinuisse
903 1788 1021 1853 milites
1043 1788 1123 1852 intra
1146 1786 1281 1863 rallum,
1307 1788 1396 1878 quod

327 1924 393 1966 non
420 1899 561 1979 fecisset,
584 1899 609 1965 si
631 1900 806 1990 superiores
828 1899 963 1966 luissent
987 1900 1139 1980 Romani,
1169 1900 1225 1990 qui
1246 1900 1286 1967 de
1307 1922 1396 1966 nrcrc

300 2088 304 2093 ⁴
326 2014 426 2078 rictus
444 2011 646 2103 diripuissent
665 2023 696 2076 et
716 2012 875 2103 persecuti
893 2025 1011 2093 essent3
1030 2027 1098 2081 tum
1115 2012 1201 2103 quod
1219 2024 1292 2105 post
1313 2012 1397 2080 hanc

326 2127 456 2192 demum
482 2130 623 2216 pugnarn
653 2148 754 2190 nurus
783 2124 932 2216 magister
958 2127 1103 2216 equitum
1132 2125 1268 2193 traditur
1291 2127 1334 2193 ab
1358 2151 1397 2193 eo

326 2240 428 2306 Roma
457 2238 630 2304 submissus
654 2261 736 2319 csse,
763 2236 798 2305 C.
819 2239 937 2305 Fabius
956 2239 1025 2329 (19)
1048 2261 1122 2306 cum
1143 2239 1328 2306 subsidiaria
1348 2240 1396 2306 le·

326 2355 437 2442 gione3
461 2351 577 2418 deinde
594 2351 784 2418 dictatorcm
804 2351 929 2418 inducit
949 2352 999 2417 bis
1015 2353 1168 2419 latentem
1192 2354 1307 2419 »circa
1327 2376 1397 2419 om·

326 2468 378 2532 nia
405 2465 622 2544 defecerunt'',
646 2465 733 2556 qnod
759 2466 890 2532 omnino
910 2464 1081 2556 respondet
1101 2466 1249 2533 victoriae
1268 2466 1396 2532 Samni·

323 2583 405 2646 tium
429 2602 493 2644 noo
514 2602 587 2644 vero
609 2578 649 2643 de
668 2576 878 2658 Samnitibus3
908 2578 1048 2669 denique
1077 2579 1186 2645 scribit
1207 2592 1216 2630 ¹
1249 2580 1396 2646 consules

325 2718 397 2759 mor
429 2692 552 2758 bellurn
582 2691 727 2756 intulisse
758 2692 957 2772 Ausonibus,
988 2694 1094 2758 omnia
1117 2693 1202 2758 enim
1224 2704 1311 2758 nrota
1330 2717 1398 2759 esse

326 2807 465 2872 adventu
479 2803 686 2883 Samnitium,
704 2826 803 2894 quum
822 2804 907 2894 apud
926 2803 1079 2870 Lautulas
1095 2804 1281 2872 dimicatum
1300 2820 1397 2886 esset,

330 2917 628 3006 coniurationesque
647 2917 681 2982 in
702 2928 766 2982 tota
789 2915 961 3009 Campania
983 2917 1086 2983 factae
1099 2931 1219 2985 ‘essent

372 3031 425 3097 Sic
454 3029 580 3097 Livium
607 3052 666 3121 per
688 3029 787 3121 ipsius
810 3031 906 3097 rerba
929 3043 1026 3121 atque
1050 3043 1239 3121 argumenta
1257 3031 1292 3097 in
1314 3032 1398 3098 riam

326 3144 486 3212 reduxisse
516 3144 616 3224 iurat,
650 3155 682 3209 et
711 3142 941 3210 demonstrasse
969 3166 1043 3209 eum
1073 3143 1205 3211 fortasse
1232 3145 1399 3211 nolentem

327 3279 473 3347 magnam
504 3253 629 3320 cladem
660 3254 797 3333 celasse,
825 3278 907 3345 quae
932 3253 1112 3321 Niebuhrio
1132 3254 1289 3322 Cannensi
1310 3257 1397 3324 haud

329 3370 433 3436 multo
463 3368 569 3435 minor
596 3368 691 3434 luisse
720 3367 855 3433 ridetur.
902 3366 1081 3435 Cohaerent
1110 3381 1216 3435 autern
1242 3392 1316 3438 cum
1341 3374 1398 3438 tali

331 3483 423 3550 clade
450 3483 594 3549 coloniae
621 3481 795 3561 deductac;
824 3482 869 3547 sic
894 3480 1061 3547 Luceria²
1089 3480 1151 3548 hoc
1180 3484 1231 3549 rel
1252 3487 1399 3574 sequenti

330 3620 413 3663 anno
442 3597 476 3661 in
503 3595 619 3687 Apulia
645 3595 774 3661 condita
800 3607 861 3674 est,
889 3596 1002 3664 Suessa
1021 3596 1135 3661 iterum
1156 3594 1294 3663 deducta
1315 3620 1397 3663 anno

331 3715 411 3787 441,
445 3731 542 3799 quam
571 3720 677 3774 tamen
706 3709 771 3774 iarn
798 3720 872 3774 ante
900 3721 1067 3775 tenuerant
1093 3710 1244 3790 Romani;
1274 3712 1399 3802 imperii

332 3822 484 3889 lirmandi
504 3844 597 3888 causa
613 3822 758 3888 coloniae
772 3821 1009 3901 condebantur,
1034 3823 1154 3915 quippe
1174 3847 1256 3915 quae
1276 3848 1400 3917 semper

333 3938 487 4002 militares
509 3947 600 4002 erant
622 3959 687 4001 non
711 3936 778 4001 sine
802 3935 910 4001 ralido
932 3936 1070 4002 militum
1098 3937 1265 4027 praesidio.

383 4049 423 4114 Et
445 4062 551 4115 tamen
570 4049 680 4114 viatrix
701 4072 750 4114 res
769 4049 913 4115 Romana
931 4050 1046 4130 erasit;
1076 4049 1170 4116 buius
1190 4073 1353 4117 successus
1368 4051 1398 4116 in

338 4184 454 4230 norum
472 4163 656 4252 magistrum
669 4161 703 4228 C.
714 4162 848 4227 Fabium
862 4163 931 4253 (19)
945 4164 1044 4228 maior
1053 4186 1125 4254 pars
1140 4163 1297 4230 redundet
1311 4176 1333 4242 ³,
1343 4162 1396 4253 qni

362 4438 382 4504 ¹)
400 4437 450 4489 IX.
470 4442 511 4487 25.
573 4431 593 4497 ἲ)
611 4435 668 4487 Lir.
690 4435 740 4487 IX.
760 4440 807 4495 26;
825 4435 899 4486 Diod.
923 4435 973 4488 Sic.
998 4433 1075 4486 XIX.
1095 4437 1137 4485 72.
1200 4430 1220 4503 ⁵)
1234 4433 1276 4487 Οἱ
1294 4435 1350 4486 Lib.
1367 4433 1412 4484 11.

323 4525 385 4591 Cap.
403 4539 423 4574 x
440 4523 454 4588 d
474 4528 503 4583 t,
520 4536 544 4585 p.
566 4524 623 4571 129.
