3210 5300
338 398 398 475 28ss
512 416 540 465 o.
562 415 665 458 riorus
686 415 714 465 o.
736 415 763 458 a.
785 415 816 457 n.
838 415 866 457 n.
889 415 1019 457 ulxrnus
1041 415 1153 458 conans
1173 397 1248 481 (23).

339 594 456 671 fertur,
482 605 515 657 ut
535 592 662 658 tandem
688 592 810 658 vacatio
837 590 931 658 huius
953 592 1082 658 honoris
1103 592 1221 660 Fabla'e
1241 594 1329 684 genti
1348 593 1406 659 da·

339 719 443 785 retur,
477 728 541 772 non
573 706 661 795 quod
684 706 854 772 virtutibus
879 707 939 770 srlii
965 706 1139 786 diffideret,
1167 705 1220 772 sed
1243 730 1284 772 ne
1307 708 1407 772 mari·

340 841 429 885 mum
451 820 620 908 imperinm
652 819 685 884 in
715 842 778 884 una
805 818 927 884 familia
947 820 1199 885 continuaretur.
1247 820 1405 910 Equidem

339 931 422 997 hauc
441 931 585 997 Rulliani
605 931 858 997 moderationem
881 955 1082 1022 summopere
1095 934 1134 1011 ,iu
1155 932 1290 998 dubium
1311 956 1403 1011 roco,

336 1067 410 1111 narn
432 1067 497 1109 non
516 1045 561 1109 sie
579 1044 723 1109 solebant
741 1044 893 1123 Romani,
917 1046 973 1133 qui
993 1045 1027 1110 in
1047 1046 1156 1111 multis
1179 1045 1352 1111 honoribus
1368 1047 1402 1111 in

339 1180 402 1222 una
431 1156 607 1246 eademqne
636 1168 731 1245 gente
761 1158 954 1222 continuatis
981 1181 1129 1247 magnam
1152 1157 1279 1223 laudem
1304 1144 1405 1224 inesse

339 1270 578 1336 contendebant
607 1290 667 1335 nec
697 1268 823 1336 iniuria.
867 1269 938 1335 Alia
957 1292 1049 1335 causa
1070 1282 1152 1349 erat,
1176 1293 1233 1335 cur
1251 1269 1405 1338 honorem

338 1384 494 1450 abnueret
519 1395 551 1449 et
578 1383 737 1449 resisteret
763 1395 869 1472 pater,
899 1405 961 1448 non
983 1384 1056 1448 satis
1075 1382 1135 1448 filii
1155 1384 1264 1448 virtuti
1286 1384 1406 1450 fidebat

339 1497 413 1575 ille,
437 1496 512 1561 hinc
531 1497 639 1586 potins
659 1507 832 1561 recusasset
852 1518 988 1574 munus3
1013 1496 1164 1562 convenit
1190 1496 1301 1563 saltem
1325 1497 1405 1564 illud

338 1631 412 1675 cum
433 1609 574 1675 moribus
597 1608 736 1697 Gurgitis
755 1621 875 1673 etcum
893 1607 1022 1673 adversa
1044 1609 1189 1688 fortuna,
1213 1631 1310 1698 quarn
1333 1633 1406 1677 mox

338 1724 450 1790 consul
472 1745 636 1815 perpessus
657 1735 714 1787 est.
763 1721 904 1794 Posteri,
927 1722 983 1812 qui
1004 1722 1198 1787 mentionem
1219 1723 1404 1789 invenerant

338 1836 482 1902 Rulliani
510 1835 665 1901 honorem
695 1834 924 1913 dissuadentis,
948 1857 1011 1898 non
1036 1845 1184 1923 poterant
1204 1856 1405 1924 concoquere

337 1949 422 2015 illud
452 1972 525 2015 enm
557 1948 669 2013 ceteris
699 1948 840 2036 Gurgitis
869 1947 1102 2026 consulatibus,
1132 1970 1209 2038 ergo
1235 1960 1324 2036 pater
1347 1947 1405 2015 filii

339 2061 512 2129 virtutibus
541 2060 686 2125 diffidere
716 2084 780 2125 non
804 2072 951 2151 poterat,
980 2074 1016 2125 ut
1044 2061 1110 2126 istis
1142 2060 1325 2141 ridebatur,
1349 2062 1405 2151 qui

338 2200 411 2242 mox
429 2174 681 2241 moderationem
701 2173 846 2238 Rulliani
869 2174 1024 2253 afferunt,
1049 2191 1145 2263 qnam
1168 2173 1316 2240 laudibus
1330 2198 1406 2266 per-

338 2300 527 2379 sequuntur.
585 2285 672 2351 Haec
697 2285 930 2375 simplicissima
952 2286 998 2351 rei
1016 2286 1185 2377 explicatio
1205 2287 1406 2353 verisimilior

338 2401 479 2480 ridetur,
517 2401 551 2465 ni
585 2398 697 2478 fallor,
733 2418 828 2488 qnam
863 2399 999 2465 llaalbii
1030 2400 1186 2491 suspicio,
1219 2400 1405 2467 Rullianum

338 2537 454 2604 nempe
488 2530 689 2603 summopere
723 2513 925 2579 contendisse
956 2525 991 2578 ut
1021 2513 1107 2578 filius
1135 2514 1248 2579 consul
1280 2535 1404 2579 creare-

341 2641 408 2704 tur,
438 2626 490 2690 cui
517 2625 596 2714 App.
625 2622 777 2690 Claudius
795 2626 978 2705 restitisset,
1003 2627 1090 2716 quod
1112 2626 1247 2691 Zonaras
1266 2649 1404 2693 annuere

335 2739 466 2804 ¹ridetur
495 2737 604 2802 dicens
633 2739 777 2804 consules
803 2762 866 2804 non
894 2763 930 2805 er
957 2740 1072 2805 virtute
1097 2751 1219 2805 creatos
1238 2762 1316 2805 esse.
1365 2737 1405 2803 At

338 2851 459 2941 Papirii
486 2850 584 2916 virtus
615 2850 730 2917 bellica
754 2865 897 2931 constat,
927 2876 987 2918 nec
1019 2852 1157 2919 Zonarae
1188 2850 1404 2918 testimonium

342 2962 520 3054 urgendum
554 2976 616 3043 est,
653 2988 726 3030 nam
763 2989 827 3031 non
857 2989 929 3030 vera
954 2979 1114 3032 assecutus
1141 2977 1187 3031 est
1212 2965 1269 3029 ille
1293 2964 1328 3030 in
1355 2964 1404 3042 iis,

342 3098 423 3166 quae
458 3076 563 3142 statim
594 3076 634 3140 de
663 3076 753 3141 Fabii
785 3076 987 3166 expeditione
1014 3077 1160 3155 subiicit3
1193 3065 1333 3166 denique
1357 3077 1372 3141 f
1390 3113 1406 3127 ·

340 3212 424 3254 mam
450 3188 593 3253 Rulliani
611 3211 676 3253 non
698 3188 742 3253 sic
762 3188 920 3255 invertere
941 3188 1043 3255 audeo
1063 3212 1137 3255 cum
1159 3188 1323 3268 llaalhio,
1347 3210 1405 3254 neo

340 3325 419 3392 opus
439 3325 506 3367 esse
527 3300 663 3366 ridetur.

385 3415 495 3481 Gravis
513 3415 694 3505 pestilentia
716 3413 778 3480 boc
797 3438 881 3481 anno
899 3417 1095 3508 supervenit,
1118 3414 1156 3480 ad
1176 3438 1272 3506 quam
1290 3415 1406 3481 sedan-

339 3530 413 3594 dam
436 3528 524 3595 Xriri
543 3528 641 3592 libros
661 3527 835 3606 adierunt,s
846 3528 879 3592 in
900 3529 1016 3618 quibus
1033 3530 1197 3595 inventum
1217 3540 1264 3593 est
1285 3528 1406 3594 Aescu-

340 3642 461 3733 lapium
488 3641 649 3732 Epidauro
670 3642 805 3706 Romam
829 3665 894 3707 csse
915 3642 1155 3721 arcessendum
1177 3655 1307 3732 propter
1326 3641 1406 3706 belli

317 3772 320 3781 ’
339 3757 458 3821 molem
478 3756 547 3820 lieri
565 3778 629 3820 non
646 3766 772 3846 poterat
788 3754 885 3834 illud,
905 3754 1092 3847 Aesculapio
1108 3754 1406 3848 supplicatiounius

340 3866 404 3934 diei
434 3868 577 3934 sufficere
603 3867 785 3945 ridebatur3
810 3868 939 3948 frustra,
963 3892 1034 3934 nam
1056 3892 1114 3960 per
1136 3881 1196 3934 tres
1216 3893 1314 3934 anuos
1331 3891 1405 3958 pes-

341 3982 464 4047 tilentia
485 3981 626 4060 duravit,
647 3981 749 4047 donec
767 4006 850 4047 anno
869 3985 932 4047 463
953 3983 1062 4073 anguis
1081 3983 1259 4073 Aesculapii
1279 3983 1403 4073 signum

343 4094 506 4186 Epidauro
528 4096 662 4160 Romam
684 4095 871 4160 translatum
894 4095 1006 4176 fuerit,
1029 4095 1081 4161 cui
1102 4095 1163 4162 deo
1183 4096 1275 4164 acdes
1295 4113 1407 4163 eonsc-

341 4221 426 4274 crata
451 4219 498 4273 est
521 4207 555 4271 in
578 4207 681 4272 insula
707 4208 855 4274 Tiberina
882 4220 904 4274 ¹.

369 4463 390 4529 ¹l
407 4464 465 4515 Lir.
483 4464 551 4530 Epir,
570 4463 624 4523 xl,
642 4464 702 4516 Vel.
720 4464 792 4517 Max.
810 4465 833 4515 Ι.
853 4466 876 4515 8.
896 4469 920 4513 2.
