3190 5304
382 444 404 528 l
424 446 453 507 4.
474 458 584 507 consor.
604 444 674 508 638.
695 444 716 528 5
737 449 767 509 5.
787 463 842 506 sno
863 462 993 506 ransom
1011 445 1083 507 639.
1216 446 1276 508 415

199 641 361 709 Bo'olhins
385 640 423 726 Q.
440 641 576 709 Fabium
600 640 639 726 Q.
664 640 690 708 f.
714 639 888 708 Maximum
913 639 1102 733 respiciens,
1132 641 1188 732 qui
1215 663 1275 731 pro

203 752 332 820 consule
348 752 445 818 luerit
463 765 536 844 post
548 774 694 819 eversam
716 750 924 833 Corinthum,
942 754 1031 844 quod
1051 766 1177 846 tempus
1196 753 1274 819 titu-

203 867 254 932 lus
278 865 416 947 indicat,
448 865 616 957 proposuit
637 865 772 932 Fabium
792 864 1004 933 Aemilianum
1026 865 1114 956 (ts),
1138 867 1196 957 qui
1214 890 1274 957 pro

205 980 336 1046 consule
356 981 389 1045 in
410 979 563 1069 Hispania
588 978 675 1069 degit
696 991 727 1059 1;
741 990 783 1069 ,at
801 1002 867 1044 nou
886 979 994 1069 potuit
1012 978 1098 1045 idern
1118 978 1152 1045 in
1172 978 1273 1044 Grae·

204 1093 253 1159 cia
281 1093 379 1160 inisse
408 1094 585 1165 delirares
617 1092 667 1159 rel
698 1114 782 1158 anno
810 1093 971 1183 sequenti,
1002 1092 1107 1158 obstat
1132 1092 1275 1159 muneris

205 1215 333 1283 natura,
364 1225 427 1269 nec
450 1203 515 1269 alia
544 1203 625 1270 ratio
655 1214 703 1269 est
728 1203 762 1268 in
783 1203 884 1269 Fabio
905 1203 1083 1272 Serviliana
1106 1205 1193 1294 (te),
1217 1205 1274 1295 qni

205 1318 238 1383 in
270 1316 421 1407 Hispania
444 1327 474 1395 ²,
509 1337 568 1382 nec
594 1316 630 1381 in
661 1316 762 1382 Fabio
794 1316 1001 1407 Allobrogico
1032 1318 1122 1408 (50),
1154 1318 1211 1408 qui
1240 1319 1274 1383 in

206 1430 341 1496 Gallia³
374 1427 460 1494 hunc
490 1430 587 1520 gessit
613 1430 849 1521 magistratum
881 1455 963 1522 quae
991 1454 1092 1523 quum
1120 1431 1165 1497 ita
1194 1432 1274 1510 sint,

204 1542 354 1609 liburnus
383 1553 509 1608 tantum
538 1542 676 1634 intelligi
704 1556 825 1635 potest,
858 1567 957 1637 quam
988 1546 1172 1636 opinionem
1201 1567 1274 1611 mer

205 1655 442 1745 comprobatam
462 1655 527 1721 vidi
544 1679 564 1722 a
582 1654 618 1722 0.
629 1656 665 1722 F.
677 1655 862 1723 Hermanno
876 1669 900 1736 ⁴,
919 1657 976 1747 qui
988 1656 1065 1722 huic
1075 1656 1275 1748 inscriptioni

173 1750 177 1753 Ἴ
202 1769 409 1859 superstruxit
433 1767 697 1860 disputationem,
727 1769 920 1860 probaturus
945 1782 1057 1836 eontra
1083 1770 1274 1860 Marenard·

205 1893 310 1947 tuma
341 1880 504 1947 Graeciam
533 1900 598 1947 non
629 1906 647 1947 a
681 1883 836 1949 Mummio
864 1884 899 1949 in
927 1884 1111 1975 provinciae
1137 1885 1274 1951 formam

204 2016 271 2061 csse
288 1993 465 2074 redactam,
485 1995 615 2061 licetur
633 1993 795 2063 Ciceronis
811 1995 891 2063 locis
908 2009 1058 2089 appareat
1071 1997 1274 2088 quarundam

205 2107 334 2173 urbium
354 2109 506 2187 servitus,
525 2108 559 2173 in
591 2131 687 2199 quam
717 2110 906 2175 sententiam
936 2133 969 2175 se
1000 2109 1177 2177 deductum
1206 2133 1275 2177 esse

204 2218 428 2310 Marqnardtns
448 2243 521 2286 mox
536 2221 699 2287 conlessns
719 2233 767 2286 est
782 2234 805 2287 ⁶.
840 2220 987 2288 Gonieoit
1006 2244 1122 2314 nempe
1138 2222 1273 2289 Fabium

203 2355 263 2423 pro
284 2333 415 2400 consule
443 2332 650 2399 Macedoniae
669 2357 706 2400 er
730 2334 800 2424 lege
820 2333 931 2402 Clodia
952 2334 1101 2401 habuisse
1120 2335 1274 2402 Graeciae

203 2444 453 2512 iurisdictionem
483 2458 569 2512 extra
596 2446 758 2524 ordinem,
782 2461 815 2515 et
834 2449 880 2514 sic
899 2471 973 2515 eam
992 2448 1218 2541 pronunciasse
1239 2450 1273 2514 in

204 2558 389 2649 quaestione
417 2558 647 2648 Dymaeorum,
681 2580 781 2649 quum
811 2560 948 2650 erempli
978 2559 1049 2628 loen
1077 2561 1111 2625 in
1131 2582 1185 2625 eos
1204 2561 1274 2625 ani·

202 2672 431 2752 madverteret,
454 2673 488 2738 in
507 2673 597 2738 cuius
616 2671 662 2738 rei
681 2672 910 2740 documentum
932 2670 1016 2739 banc
1036 2672 1204 2763 epistolam
1221 2673 1274 2738 in·

205 2785 309 2876 sculpi
330 2785 431 2853 iussit.

251 2898 323 2964 Huc
350 2899 417 2964 lere
436 2898 520 2965 redit
539 2899 735 2990 proconsulis
755 2896 889 2989 epistola
908 2895 949 2963 ad
970 2898 1186 2988 Dymaeorum
1205 2921 1275 2965 ma·

202 3013 366 3103 gistratus,
390 3026 564 3094 senatores,
587 3014 759 3079 civitatem.
796 3012 929 3102 Dymaei
948 3012 1031 3079 duce
1046 3013 1127 3081 Soso
1151 3012 1274 3079 Tauro·

203 3148 318 3192 meneo
329 3149 378 3191 res
391 3148 487 3192 noras
504 3127 608 3193 moliti
619 3139 724 3206 erant,
739 3126 932 3193 tabularium
943 3126 1167 3206 incenderant,
1185 3149 1275 3192 aera-

205 3236 289 3303 rium
332 3240 477 3305 snll'urati
515 3252 622 3319 erant,
664 3264 825 3331 nouasque
862 3240 947 3330 leges
985 3238 1047 3305 sibi
1085 3239 1275 3330 scripserant

206 3353 379 3418 contrarias
406 3351 553 3419 nonnihil
573 3353 731 3433 libertati,
755 3375 851 3444 quam
881 3379 897 3419 a
928 3353 1080 3418 Romanis
1108 3365 1274 3444 acceperat

204 3463 339 3530 Graecia
364 3464 504 3545 devicta3
533 3463 644 3531 harum
667 3490 774 3533 rernm
794 3466 911 3531 certior
934 3466 1037 3532 lactus
1055 3489 1113 3556 per
1134 3465 1274 3554 Cyllenii

204 3587 364 3642 senatores
392 3579 564 3668 proconsul
592 3580 700 3647 Patras
728 3603 760 3645 se
787 3580 925 3645 contulit
949 3579 1193 3657 cumconsilio,
1218 3580 1274 3646 ubi

205 3691 355 3780 cognorit
380 3713 450 3771 eos,
481 3692 539 3783 qui
566 3717 614 3759 res
640 3718 736 3760 noras
758 3696 986 3771 excitaverant,
1010 3691 1192 3759 libertatem
1210 3692 1273 3757 sibi

203 3803 435 3885 vindicaturos,
459 3818 490 3871 et
513 3829 620 3872 rernm
641 3819 757 3872 statum
776 3806 1032 3898 composituros,
1057 3806 1113 3895 qui
1134 3805 1275 3896 punien-

203 3915 265 3981 dus
294 3929 361 3982 erat
388 3941 453 3985 non
483 3932 606 3986 tanturn
630 3932 762 4010 propter
783 3942 839 4000 ea,
869 3943 951 4011 quae
974 3943 1047 4010 erga
1075 3919 1275 3986 seinvicem

202 4028 425 4121 deliquerant,
441 4032 495 4099 sed
511 4034 598 4125 quod
618 4034 794 4100 contrarius
806 4046 886 4101 esset
898 4034 1051 4114 libertati,
1068 4032 1274 4125 quaGraecia

236 4249 257 4315 ¹)
275 4250 315 4304 Cf.
336 4251 399 4316 Cap.
421 4250 610 4318 aithalas
630 4252 717 4314 Libri,
740 4269 768 4317 p.
783 4256 847 4304 ³87.
899 4250 920 4319 ²)
937 4252 977 4305 Cf.
1000 4253 1282 4321 (inprudentiae

197 4337 285 4398 Libri,
302 4353 328 4401 p.
347 4342 406 4387 392.
458 4334 479 4403 ⁵)
496 4335 535 4387 cf.
553 4336 614 4401 Cap.
632 4338 711 4403 md
731 4340 744 4388 7
762 4339 837 4388 huius
860 4339 945 4399 Libri,
962 4352 987 4403 p.
1008 4344 1068 4391 407.
1120 4337 1142 4407 ⁴)
1160 4337 1281 4406 Defensio

199 4418 318 4487 disputat.
337 4420 366 4470 de
386 4418 473 4472 Graec.
488 4429 546 4487 post
563 4429 628 4487 capt.
647 4420 701 4472 Gor.
717 4421 803 4472 condit.
818 4424 845 4473 in
857 4438 942 4489 propr.
955 4419 1020 4476 (ἕδη.
1043 4429 1118 4476 lese.
1171 4421 1191 4492 ⁵)
1208 4421 1279 4472 Rom.

198 4502 254 4557 Ala
272 4507 360 4557 111.1.
381 4512 437 4557 121.
489 4504 509 4574 ⁶)
527 4502 623 4556 Snus.
641 4505 665 4558 ct.
683 4504 753 4558 Rem.
771 4505 849 4558 Prae.
872 4513 912 4558 13.
