3154 5294
23 4392 27 4503 t

241 481 270 527 r.
282 478 385 526 riorus
395 478 427 524 rr.
439 479 466 524 r.
477 479 505 531 o.
517 477 546 523 rt.
557 477 706 523 arousros
717 459 793 544 (lt).
809 462 870 546 §L
883 480 1033 534 quianon
1044 466 1113 529 ³45.
1156 469 1212 530 101

143 672 177 726 ut
196 656 329 750 publiea
348 655 541 746 stipendium
562 656 759 747 acciperent3
782 659 829 725 siu
853 682 927 726 vero
944 673 1037 728 autea
1058 662 1096 729 iis
1115 685 1204 730 cour·

138 784 263 864 pertum
284 771 395 837 luisset
414 768 536 835 tamdiu
555 767 650 835 Veios
670 772 849 850 restiturus,
873 772 936 838 iam
954 796 1036 839 anuo
1053 786 1126 841 ante
1143 799 1203 865 po·

18 884 19 899 ³
140 885 272 952 tuissent
300 906 410 974 parare
439 880 557 973 quihus
588 904 667 973 opus
694 883 796 964 foret,
828 883 883 950 sed
904 884 968 951 hoo
987 885 1125 953 Romani
1142 889 1203 978 ipsi

137 997 333 1076 nesciebant,
357 995 447 1087 atqui
465 995 635 1062 verisimile
654 1019 720 1062 uon
740 1009 797 1065 est.

356 1179 374 1264 ς
399 1179 431 1244 2.
479 1174 647 1242 Trt'bumea
669 1178 811 1244 militum
834 1177 876 1245 ΙΙ.
901 1184 979 1248 364.

182 1337 228 1403 oe
245 1335 349 1402 altero
366 1334 465 1401 nostri
484 1332 515 1399 N
517 1335 629 1402 amerii
651 1335 816 1402 tribunatu
835 1347 868 1403 et
886 1335 1045 1427 legatione
1062 1336 1102 1402 ad
1122 1337 1200 1404 (llo-

18 1482 19 1489 1
138 1450 236 1531 sinos,
264 1471 348 1540 quae
381 1446 570 1539 disputanda
600 1459 705 1528 eraut,
728 1460 854 1540 supra¹
883 1449 946 1516 iam
966 1449 1091 1540 prolata
1113 1468 1198 1519 sunt.

529 1820 713 1896 CAPUT
742 1821 811 1897 IH.

282 1984 583 2035 suasoriarum.
607 1986 637 2034 r.
661 1985 691 2047 o.
715 1986 745 2033 rr.
770 1986 940 2035 suuusrus
965 1970 1050 2060 (tl).

452 2104 470 2189 ς
498 2106 525 2169 l.
577 2102 745 2191 (luaedor
768 2107 835 2171 345
856 2115 882 2170 ².

178 2237 382 2318 commodis,
406 2260 488 2329 quae
514 2249 621 2328 patres
644 2237 738 2304 inriti
764 2251 988 2305 concesserunt
1009 2237 1113 2305 ordini
1130 2242 1202 2332 ple·

136 2353 223 2434 boio,
248 2376 314 2419 uorr
344 2352 450 2417 statim
479 2349 556 2416 huie
585 2351 648 2417 frui
676 2351 784 2432 lieuit,
817 2351 844 2417 si
873 2354 1004 2443 quidam
1029 2376 1113 2419 auno
1136 2359 1202 2421 334

134 2478 317 2561 quaestores
342 2476 378 2530 ut
397 2464 578 2554 promiscuo
602 2475 787 2530 crearentur
805 2465 986 2531 institutum
1009 2465 1065 2546 sit,
1090 2489 1199 2533 rerum

135 2604 218 2650 anuo
240 2584 304 2646 345
326 2577 464 2670 primum
483 2576 603 2667 plebeii
623 2590 806 2667 quaestores
834 2578 932 2644 oreati
951 2579 1029 2659 sint3
1052 2579 1096 2644 sio
1116 2602 1201 2647 auno

132 2699 196 2764 310
208 2693 331 2759 tribuni
348 2690 487 2756 militum
507 2688 547 2755 de
565 2689 661 2780 plebe
681 2691 782 2756 ereari
802 2690 939 2775 licebat,
964 2691 1019 2757 sed
1038 2697 1199 2760 annotat

132 2831 212 2874 unus
231 2829 271 2872 ex
290 2804 353 2871 hoo
371 2803 482 2870 ordine
499 2815 623 2869 oreatus
640 2815 704 2884 est,
722 2826 808 2870 auno
818 2808 882 2871 365
906 2806 1060 2896 quinque.
1085 2805 1203 2871 Viden·

132 2934 182 2988 tor
211 2917 345 2985 haeoita
366 2916 517 2982 accidisse
531 2927 664 3006 propter
679 2916 886 3007 patriciorum
905 2930 1114 3008 potestatem,
1135 2920 1200 2986 siro

20 3040 21 3043 ’
129 3035 236 3102 euriae
257 3031 444 3122 negaverint
464 3030 607 3121 plebeios
634 3030 697 3096 suis
718 3032 872 3123 suffragiis
899 3033 1104 3113 confirmare,
1133 3034 1198 3102 sire

20 3212 21 3231 ,
131 3148 224 3214 uiuris
243 3145 407 3236 potuerint
422 3155 528 3234 patres
546 3143 580 3208 iu
600 3143 737 3209 comitiis
758 3145 955 3214 centuriatis.

183 3259 262 3326 Tres
289 3256 407 3349 plebeii
439 3268 621 3348 quaestores
650 3255 780 3322 luerunt
809 3256 871 3324 hoo
900 3281 984 3324 anno
1017 3257 1053 3343 Q.
1084 3258 1197 3339 Silius,

129 3374 163 3442 P.
186 3371 311 3447 Aelius,
346 3370 378 3437 P.
400 3369 534 3461 Pupius,
566 3369 683 3459 quibus
711 3382 842 3461 quartus
873 3371 934 3437 fuit
953 3372 1073 3464 collega
1093 3372 1196 3439 Kaeso

128 3499 246 3554 noster.
294 3483 377 3549 lollii
398 3495 543 3549 auctores
562 3482 657 3549 huius
676 3484 815 3575 suffragii
836 3484 932 3551 fuisso
951 3484 1136 3566 traduntur,
1157 3509 1196 3551 er

130 3624 191 3692 qua
219 3598 341 3665 familia
359 3597 502 3687 patribus
521 3596 721 3662 infestissima
741 3609 804 3662 tres
823 3597 944 3662 tribuni
966 3597 1071 3688 plebis
1090 3620 1196 3688 popu·

21 3742 22 3747 ¹
129 3713 196 3780 lum
225 3712 444 3778 incitaverant.
491 3710 552 3775 Pro
582 3709 704 3800 ingenti
732 3709 864 3775 victoria
891 3710 981 3800 plebi
1009 3709 1084 3790 fuit,
1119 3734 1192 3776 narn

129 3839 298 3917 quaestura
314 3823 354 3889 ad
374 3823 575 3890 consulatum
594 3845 633 3888 ao
655 3821 833 3912 triumphos
852 3822 942 3887 loeus
954 3824 1042 3888 noris
1053 3822 1193 3890 homiui-

128 3939 187 4006 ltus
204 3940 383 4033 patefactus
401 3936 586 4015 ridebatur3
604 3935 694 4000 Livio
713 3958 843 4025 nempe,
861 3934 955 4000 nobis
974 3936 1059 4002 enim
1073 3960 1137 4003 nou
1148 3938 1193 4003 ita

129 4052 270 4130 ridetur,
303 4072 377 4115 uam
407 4070 513 4138 neque
542 4057 723 4139 quaestores
744 4069 849 4137 neque
875 4058 961 4113 totas
986 4049 1125 4139 populus
1148 4050 1193 4116 sie

126 4166 266 4255 cogitare
283 4172 423 4253 poterat,
447 4159 501 4227 sed
520 4160 628 4227 Livius
647 4160 859 4251 negligentius
882 4172 1026 4252 tempora
1049 4163 1194 4244 misouit3
1236 4150 1240 4161 ’

126 4290 314 4370 quaestura,
338 4296 400 4363 qua
418 4285 528 4365 postea
549 4272 590 4339 ad
608 4296 749 4340 summos
768 4273 905 4341 honores
924 4274 1055 4366 patebat
1072 4274 1192 4356 aditus,

154 4529 175 4600 'l
191 4529 274 4596 Caput
290 4542 301 4580 ι
315 4525 331 4592 t
349 4528 432 4592 4--64
449 4524 524 4578 huius
540 4526 626 4590 Libri,
643 4541 668 4593 p.
687 4528 788 4577 tta-96
865 4522 887 4594 ²)
904 4525 961 4578 Lis.
978 4524 1029 4579 Ν,
1047 4531 1089 4577 aa,
