3154 5294
358 430 399 490 92
520 445 598 488 rann
610 442 733 487 suansrr
744 425 790 509 (9,
807 424 856 495 10,
870 420 930 505 11).
951 423 973 505 §
983 424 1013 485 6.
1025 441 1098 485 unns
1109 441 1200 486 orrrr
1211 424 1279 487 364.

360 617 493 709 pitibus,
518 627 552 680 ut
575 614 699 680 mosiis
721 625 776 678 est.
809 612 939 678 Tertio¹
959 611 1089 678 demum
1108 613 1160 679 die
1174 611 1293 679 Urbem
1311 613 1429 693 intrant

359 730 457 818 portis
474 728 606 817 perrIm
627 726 753 804 fractis,
771 726 953 798 vicentinus
975 726 1169 806 κντέννψννν,
1190 737 1223 791 ut
1244 737 1332 791 recte
1354 726 1431 793 Ilio·

360 844 457 908 dorus
488 840 593 906 habet.
654 837 792 905 Aliunde
814 838 900 903 enim
920 838 1074 928 originem
1097 838 1185 903 ducit
1205 840 1264 904 ista
1285 839 1370 906 fama
1390 840 1430 906 de

358 966 450 1045 porta
462 976 526 1019 non
539 953 662 1031 clausa,
686 974 824 1042 quaeum
840 951 938 1016 altera
956 949 1123 1030 cohaeret,
1145 951 1320 1018 seeundum
1332 976 1429 1044 quam

359 1068 529 1157 stipulatus
558 1077 639 1133 esset
662 1066 808 1131 Brennus
830 1066 863 1129 in
884 1064 1031 1144 foedere,
1056 1076 1091 1129 ut
1113 1087 1175 1130 una
1193 1078 1283 1154 porta
1306 1089 1430 1157 semper

358 1193 467 1272 aperta
497 1180 595 1256 foret,
628 1178 729 1254 πύλην
761 1178 959 1259 ἀνεῳγμένην
989 1178 1142 1260 παρέχειν
1175 1178 1225 1244 διὰ
1257 1178 1373 1251 παντός
1398 1192 1427 1257 ²3

357 1317 394 1360 ex
422 1292 483 1358 hac
511 1303 604 1383 porta
625 1313 801 1381 numquam
824 1290 929 1355 clausa
950 1301 1083 1381 propter
1104 1290 1168 1355 loci
1187 1302 1332 1356 naturam
1353 1293 1428 1357 satis

356 1406 480 1473 munita
509 1403 660 1494 explicari
689 1402 785 1469 debet
814 1403 897 1468 lama
918 1403 1025 1469 Pontii
1046 1401 1202 1482 Cominii,
1227 1402 1323 1494 Appii
1345 1404 1428 1470 ller-
1521 1476 1525 1485 ‚

356 1519 460 1598 donii,
495 1519 624 1585 fortasse
654 1515 848 1583 Sabinorum
875 1539 1005 1607 quoque
1026 1515 1178 1606 Tarpeiae
1198 1516 1310 1583 fraude
1331 1515 1427 1609 Capi·

357 1634 472 1699 tolium
492 1632 731 1710 invadentium,
756 1643 877 1709 cetera,
903 1617 956 1696 sed
975 1628 1055 1695 hacc
1081 1652 1166 1694 nunc
1182 1612 1398 1721 non'agimus.

402 1746 535 1812 Valeant
566 1767 641 1836 ergo
673 1744 816 1823 insidiae,
854 1767 932 1834 quas
954 1742 1039 1809 Galli
1057 1754 1189 1833 propter
1215 1743 1335 1809 Urbem
1359 1767 1427 1809 non

355 1862 496 1925 clausam
518 1860 667 1925 metuisse
688 1858 835 1923 feruntur
855 1881 872 1923 a
893 1857 993 1923 Livio.
1026 1857 1170 1923 Brennus
1185 1869 1258 1948 post
1279 1856 1428 1947 qualem·

356 1995 484 2064 cunque
502 1972 720 2038 defensionem
742 1971 864 2038 Urbem
884 1971 1005 2062 cepisse
1030 1969 1172 2049 ridetur,
1196 1993 1331 2060 eamque
1350 1994 1427 2061 par-

356 2084 414 2150 tim
435 2081 579 2148 incendit
599 2081 654 2148 sed
674 2105 739 2147 non
763 2082 887 2161 statim,
919 2082 1153 2171 inexspectatae
1174 2082 1325 2148 victoriae
1345 2106 1427 2173 gau-

354 2196 443 2262 dium
464 2195 694 2287 aliquantisper
714 2195 845 2261 retinuit
857 2218 947 2274 eum,
963 2207 995 2261 et
1014 2196 1058 2261 sic
1079 2220 1127 2262 res
1140 2196 1283 2262 Romana
1303 2210 1427 2264 servata

286 2360 288 2365 .
354 2333 421 2377 esse
442 2309 583 2376 creditur
604 2333 621 2373 a
641 2308 783 2399 posteris.

399 2423 558 2512 Fugerent
577 2442 694 2510 nempe
718 2421 845 2487 interim
867 2443 975 2487 omnes
995 2421 1134 2487 iuniores
1154 2422 1189 2487 in
1210 2419 1425 2512 Capitolium,

353 2535 441 2628 quod
462 2556 520 2626 per
539 2544 661 2623 septem
680 2556 804 2599 menses
824 2533 908 2599 Galli
924 2534 1136 2605 obsesserunt.
1171 2531 1266 2600 Sacra
1283 2534 1426 2602 Romani

353 2650 501 2715 feruntur
524 2647 557 2710 in
588 2646 658 2710 loca
687 2646 845 2711 tutissima
874 2647 1089 2727 transtulisse,
1123 2646 1210 2737 quod
1241 2673 1259 2712 a
1288 2651 1426 2738 posteris

353 2761 567 2852 excogitatum
587 2757 794 2841 crediderim,
820 2782 893 2825 nam
921 2761 997 2825 istos
1017 2759 1152 2851 puderet
1180 2760 1304 2827 tradere
1335 2785 1425 2828 sacra

352 2898 418 2941 esse
449 2873 572 2939 deserta
604 2870 654 2935 vel
683 2893 740 2962 per
772 2873 943 2940 minimum
974 2874 1126 2965 temporis
1157 2875 1310 2965 spatium,
1344 2874 1427 2941 hinc

352 3011 439 3054 sacra
468 2986 530 3052 alia
560 2985 707 3050 feruntur
737 2984 859 3052 defossa
891 2987 925 3052 in
958 2986 1047 3066 loco,
1081 2987 1137 3052 ubi
1169 3000 1277 3079 postea
1308 2987 1426 3080 despui

351 3100 464 3191 religio
483 3110 564 3176 erat,
584 3097 647 3163 alia
665 3121 702 3163 cx
718 3098 807 3164 Urbe
827 3091 925 3178 elata,
950 3121 1031 3190 quae
1050 3099 1087 3166 L.
1112 3099 1259 3166 Albinius
1275 3101 1427 3193 plebeius

350 3216 494 3307 plaustro
517 3213 685 3302 coniugem
705 3234 741 3277 ac
761 3213 879 3278 liberos
898 3212 1033 3292 vehens,
1056 3214 1088 3277 in
1116 3212 1260 3279 laniculo
1291 3217 1425 3308 conspi-

351 3328 438 3393 ciens
451 3326 586 3416 rirqincs
597 3335 629 3390 et
639 3347 739 3404 sacra,
756 3326 787 3390 in
798 3326 977 3416 plaustrum
992 3326 1139 3416 imposita
1154 3327 1295 3417 pervexit
1307 3324 1427 3407 Caere,

350 3461 433 3530 quae
453 3463 470 3504 a
491 3436 670 3505 Caeritibus
696 3450 817 3504 servata
836 3438 1022 3518 traduntur,
1047 3451 1082 3504 ut
1111 3440 1322 3530 explicaretur
1352 3444 1426 3531 pri-

349 3551 499 3643 vilegium
521 3549 700 3641 quoddam,
717 3573 782 3641 quo
803 3549 942 3618 Caerites
962 3551 1167 3632 fruebantur3
1186 3564 1218 3618 at
1238 3564 1306 3619 tum
1327 3553 1424 3620 locus

348 3665 495 3732 Etruriae
522 3677 590 3731 tum
619 3665 753 3730 nimium
776 3664 929 3755 spatium,
959 3687 1023 3755 quo
1050 3665 1161 3744 distat,
1191 3665 1317 3731 obstant
1340 3665 1425 3734 huic

347 3778 478 3870 aufugio
486 3801 495 3860 ;
519 3778 582 3844 alia
601 3776 740 3868 denique
762 3799 848 3842 sacra
876 3789 1004 3868 peracta
1034 3779 1185 3868 leguntur
1203 3778 1236 3844 in
1258 3777 1423 3863 Quirinali

347 3904 457 3958 monte
477 3891 529 3958 vel
551 3904 683 3981 urgente
708 3891 888 3958 obsessione
911 3905 935 3958 ³.
982 3890 1143 3957 Flamines
1173 3891 1424 3983 sacerdotesque

347 4005 462 4071 Vestae
481 4004 595 4096 procul
615 4003 656 4068 ab
676 4003 832 4070 incendiis
853 4005 969 4070 futuris
980 4004 1169 4070 auferuntur
1194 4005 1300 4070 futura
1321 4027 1424 4094 prae·

234 4156 237 4161 >
346 4118 511 4209 saginatas.

374 4415 395 4481 ¹)
410 4416 501 4480 Polyb.
524 4415 561 4464 11.
584 4419 614 4462 18
633 4414 646 4478 t
664 4420 694 4474 23
711 4415 769 4467 Lir.
787 4418 822 4469 V.
840 4422 888 4477 39,
909 4421 955 4478 4ο,
975 4422 1017 4466 41.
1098 4411 1118 4482 ²)
1135 4415 1258 4479 Polyaen.
1279 4413 1360 4466 VIII.
1383 4419 1429 4466 25.

338 4498 359 4569 ³)
376 4501 415 4553 cf.
433 4501 491 4552 Lib.
509 4500 560 4552 111.
578 4498 639 4562 Cap.
658 4513 668 4548 1
686 4500 701 4563 ᾗ
716 4504 742 4550 3.
