3190 5304
337 456 398 517 420
457 474 484 522 o.
506 469 609 513 ramus
631 470 658 518 o.
672 458 707 511 r.
729 466 756 517 u.
778 465 806 508 a.
827 463 957 507 uarruus
978 444 1053 528 (54).
1074 445 1096 527 5
1119 448 1145 507 l.
1167 445 1389 508 reuirescet.

358 662 379 685 ·’
396 632 545 738 Quintus*
560 645 771 723 MAXimus,
795 642 951 721 ROMA3
973 642 1076 721 neris,
1100 664 1192 731 supra
1217 664 1313 732 quam
1333 639 1414 707 vir-

351 763 431 828 toria
452 775 536 828 stans
557 760 665 825 dextra
684 779 835 823 coronam
855 768 981 835 teneus,
1002 756 1125 821 sinistra
1144 767 1296 846 pateram.

396 875 538 943 Goltzius
566 874 653 939 huuc
678 895 778 938 assem
804 869 845 936 ad
874 869 1042 934 liburnum
1067 868 1222 959 protulit,
1250 868 1304 934 sed
1333 870 1419 934 ratio

350 991 469 1055 lacerta
498 1000 560 1067 est;
592 986 782 1052 Vaillantius
809 983 898 1048 addit
924 982 1011 1046 illius
1039 980 1164 1071 pondus
1191 1003 1257 1046 esse
1281 980 1418 1048 duarum

351 1090 533 1180 unciarum,
571 1101 661 1190 atqui
690 1111 764 1164 aute
795 1096 917 1162 bellum
949 1076 1106 1160 Punicum
1136 1095 1311 1160 secundum
1339 1117 1415 1160 eum

352 1232 463 1279 cusum
493 1236 573 1294 esse;
605 1212 730 1279 ridetur
754 1211 804 1275 illi
823 1221 918 1300 caput
940 1207 1016 1294 lani,
1039 1207 1204 1273 victoriam
1225 1207 1265 1273 dc
1287 1207 1417 1297 Liguri·
1500 1202 1503 1205 ⁵

350 1325 409 1390 bus
439 1328 580 1392 innitere.
629 1325 669 1390 lt
698 1346 903 1389 nummorum
929 1321 1167 1387 Goltzianorum
1191 1320 1316 1409 pondus
1344 1321 1420 1410 quis

351 1441 468 1529 quaeso
496 1438 652 1503 deliniet?
687 1461 759 1526 ergo
789 1436 905 1501 conlici
931 1435 1043 1525 nequit
1069 1456 1133 1524 quo
1158 1445 1301 1524 tempore
1320 1455 1420 1499 cusos

351 1551 462 1631 fuerit,
487 1553 534 1616 siu
557 1575 629 1617 vero
647 1552 713 1640 ipse
734 1549 877 1615 Goltzius
899 1547 1074 1613 Vaillantio
1094 1558 1204 1611 auctor
1220 1547 1316 1612 fuerit
1331 1569 1416 1637 pon·

349 1664 432 1730 deris
452 1665 556 1744 istius,
582 1665 720 1755 ingenue
739 1686 771 1727 se
792 1684 881 1728 reum
904 1661 1004 1726 fassus
1025 1672 1088 1741 est,
1112 1683 1184 1725 nam
1203 1671 1277 1725 ante
1297 1659 1421 1725 Verru-'

350 1778 415 1841 cosi
450 1778 642 1842 dictaturam
682 1776 775 1865 (537)
810 1775 949 1865 signatus
977 1774 1073 1838 fuerit
1103 1794 1229 1839 necesse
1257 1784 1329 1853 est,'
1355 1794 1421 1838 aec

349 1890 481 1955 Eburno
511 1888 629 1980 poterit
659 1887 821 1954 vindicari.
871 1887 952 1952 Tum
984 1886 1053 1953 Iani
1084 1897 1180 1977 caput
1206 1886 1345 1977 pertinet
1372 1884 1415 1949 ad

348 2015 459 2092 typum
479 2004 569 2086 assis,
594 2024 651 2067 cur
670 2023 788 2092 quaeso
809 1999 997 2066 devictoris
1015 1998 1418 2089 cogitemusuescioqua?

794 2204 951 2214 -ι--ι

734 2340 916 2412 CAPUT
946 2337 1045 2413 th.

487 2483 651 2574 (omarus)
678 2503 795 2550 ruerus
819 2503 847 2563 Q.
873 2502 902 2550 r.
928 2502 957 2561 o.
981 2502 1011 2549 r.
1036 2503 1186 2550 rrrxrrrus
1212 2484 1296 2574 (54).

599 2638 617 2720 §
646 2638 673 2700 l.
720 2635 869 2700 Necatus
891 2642 1037 2725 epatre
1061 2639 1123 2701 651
1154 2649 1176 2701 ¹.

400 2782 608 2875 Deperditum
638 2782 763 2849 huncce
794 2783 890 2848 fuisse
919 2796 951 2848 et
979 2783 1058 2849 adeo
1085 2783 1299 2874 impudicum,
1334 2798 1369 2851 ut
1401 2813 1420 2852 a

353 2891 443 2987 patre
463 2888 514 2960 rus
533 2894 692 2984 relegatus
712 2897 807 2961 fuerit
828 2897 893 2961 imo
914 2895 1002 2961 breri
1020 2909 1111 2988 post,
1137 2921 1236 2988 quum
1260 2922 1325 2965 non
1346 2901 1423 2966 satis

354 3006 605 3074 animadversum
623 3009 798 3089 rideretur,
814 3022 962 3074 necatum
980 3033 1063 3089 esse,
1082 3033 1176 3100 supra
1194 3020 1206 3058 ²
1226 3011 1420 3080 dictumest.

400 3121 597 3188 Praenomeu
624 3123 691 3188 eius
720 3124 917 3212 ignoramus,
942 3121 996 3187 sed
1021 3121 1147 3188 videtur
1177 3122 1313 3207 Quintus
1340 3126 1422 3192 fuis-

358 3257 404 3312 se,
428 3257 502 3300 oam
529 3233 608 3299 illud
642 3258 759 3300 nomen
788 3246 912 3300 tentum
938 3237 1075 3301 occurrit
1098 3236 1130 3300 iu
1160 3235 1220 3301 hac
1247 3239 1425 3304 stemmatis

357 3360 446 3441 parte
478 3360 509 3414 et
541 3349 667 3439 rigebat
689 3349 794 3415 adhuc
816 3349 1161 3429 senatusconsultum,
1185 3373 1222 3430 er
1242 3375 1306 3441 quo
1324 3354 1424 3442 patris

358 3460 488 3527 nomine
517 3460 603 3526 lilius
629 3474 706 3527 natu
733 3463 885 3528 maximus
912 3462 1024 3528 saltem
1044 3463 1267 3554 appellaretur.
1318 3464 1426 3548 Quum

359 3597 433 3639 rero
463 3596 527 3638 non
555 3575 725 3641 verisimile
754 3600 819 3641 esse
842 3576 1031 3641 crediderim
1053 3599 1125 3641 eum
1145 3589 1289 3668 posteros
1307 3600 1424 3669 proge-

359 3687 481 3766 nuisse,
507 3687 711 3780 Allobrogico
733 3702 853 3755 ceteros
872 3689 988 3755 Fabios
1009 3690 1184 3757 tribuerim.

407 3798 572 3866 Secundus
586 3814 632 3867 est
645 3802 736 3868 hicce
754 3803 787 3867 in
807 3814 900 3893 gente
919 3788 1041 3882 nostra,
1062 3827 1157 3893 quem
1176 3816 1266 3894 pater
1284 3805 1426 3885 necarit,
1444 3852 1450 3861 -

360 3911 429 3977 noli
449 3925 555 3979 tamen
578 3915 705 3982 credere
726 3916 774 3982 bis
794 3928 954 3981 narratum
977 3939 1043 3981 esse
1065 3916 1151 4006 quod
1173 3917 1270 3982 semel
1289 3917 1426 3983 accidis-

361 4038 422 4103 set,
435 4046 521 4090 ·nam
542 4027 643 4093 Buteo
664 4028 719 4093 ille
742 4030 813 4116 (35)
832 4041 963 4120 propter
982 4030 1103 4095 lurtum
1122 4029 1162 4094 ab
1183 4030 1296 4097 eodem
1314 4028 1429 4097 Oresio

361 4137 462 4203 fertur
485 4151 616 4204 necatus
643 4164 709 4207 esse
731 4152 760 4220 ³,
791 4142 844 4207 hic
863 4165 938 4208 vero
959 4143 1060 4232 stupri
1080 4166 1172 4208 causa
1190 4143 1223 4208 id
1246 4155 1292 4209 est
1313 4145 1428 4208 παιδε-

360 4458 364 4463 .
391 4420 410 4487 Ι)
428 4421 530 4481 Quinct.
546 4419 617 4470 Deci.
632 4423 683 4472 111.
703 4425 822 4482 17;Va1.
838 4416 968 4475 Mux.VI.
986 4429 1008 4474 1.
1019 4429 1048 4484 ⁵3
1064 4423 1135 4476 Oros.
1145 4428 1178 4478 V.
1192 4431 1231 4475 lu.
1284 4422 1304 4490 ²)
1322 4424 1362 4476 Cf.
1373 4424 1439 4491 Cap.

352 4519 388 4557 xv
408 4507 423 4569 §
443 4509 455 4556 7
474 4505 549 4555 huius
567 4507 652 4567 Libri,
671 4522 694 4572 p.
714 4512 773 4559 417.
841 4506 861 4576 ⁵)
878 4511 927 4561 IV.
950 4513 993 4569 133
1011 4510 1041 4560 ef.
1059 4511 1116 4561 Lib.
1134 4512 1308 4575 VI.1v§2,
1332 4526 1357 4577 p.
1377 4515 1441 4563 226.
