3212 5294
593 428 613 508 ς
637 431 684 492 12.
704 448 817 492 causon
836 430 904 491 450.
1224 432 1283 495 263

257 612 343 691 Bene
368 624 483 693 multas
504 622 579 690 bino
599 637 682 691 ortas
703 647 769 692 esse
789 623 1010 691 contentiones
1033 646 1097 691 non
1119 627 1274 716 estquod

207 739 333 816 dicam,
367 738 501 804 nimium
533 738 644 805 tribuit
673 737 728 805 ille
757 737 982 804 humilioribus
1013 737 1097 816 istis,
1130 740 1185 828 qui
1211 740 1273 805 iem

209 867 288 920 tuno
310 853 432 943 ingenti
453 874 586 918 numero
610 851 743 918 Romam
765 853 993 917 confluxerant.

253 966 328 1035 Non
357 966 413 1032 diu
442 979 548 1032 tamen
577 965 702 1031 durarit
731 988 812 1033 nora
842 965 901 1030 ista
929 965 1028 1043 ratio,
1053 963 1138 1030 node
1158 967 1273 1055 procul

207 1079 307 1145 dubio
336 1080 430 1170 longe
458 1081 560 1145 maius
585 1078 789 1146 commodum
808 1077 928 1145 civitati
950 1090 1149 1155 nasceretur,
1175 1101 1271 1168 quam

206 1193 297 1259 Livio
326 1193 512 1271 ridebatur,
544 1193 601 1283 qui
626 1192 784 1259 nobilium
812 1192 919 1259 fautor
943 1191 1174 1282 aliquantisper
1192 1213 1271 1258 oon·

206 1318 288 1372 torte
308 1329 375 1372 rem
393 1318 536 1375 enarrat:
556 1307 613 1396 qni
631 1327 730 1396 quum
746 1305 894 1396 princeps
913 1305 1008 1370 huius
1021 1304 1066 1369 rei
1082 1303 1173 1371 nobis
1192 1326 1270 1372 auc·

203 1432 256 1484 tor
285 1419 346 1498 sit,
378 1417 487 1484 multis
518 1419 615 1510 Appii
643 1419 825 1484 institutum
859 1419 948 1509 peius
982 1417 1142 1487 ridebitur
1171 1441 1268 1508 quam

204 1555 238 1598 re
254 1555 325 1597 vera
343 1531 405 1597 fuit
429 1544 485 1599 out
505 1532 618 1601 sellem
637 1555 710 1597 mor
733 1531 832 1597 lieret.
870 1530 1064 1622 Supervenit
1089 1530 1185 1622 Appii
1205 1533 1268 1601 ini-

201 1647 319 1724 micus,
339 1645 488 1710 adversae
503 1645 651 1710 lectionis
669 1658 779 1735 caput,
796 1645 914 1711 Fabius
932 1657 1039 1711 noster
1062 1659 1089 1722 ¹,
1107 1668 1144 1711 ex
1164 1669 1269 1736 ungue

201 1759 370 1849 patricius,
391 1758 448 1849 qui
460 1758 585 1827 reduxit
604 1781 713 1824 coram
731 1758 999 1825 administrandae
1010 1758 1207 1849 reipublicae
1228 1761 1267 1825 ad

200 1894 253 1937 eos
272 1895 370 1964 penes
390 1895 471 1963 quos
490 1894 557 1938 esse
580 1884 724 1962 oportet,
747 1895 796 1937 res
818 1872 1013 1939 nobilissima
1034 1885 1175 1941 ettamen
1193 1897 1265 1963 gra-

200 1985 339 2063 vissima,
372 1986 411 2050 ad
441 1971 537 2075 quam
568 1984 798 2075 perficiendam
826 1986 941 2051 summi
965 1986 1025 2051 riri
1043 1987 1266 2076 requirebatur

199 2099 370 2165 auotoritas
388 2098 514 2190 patricii
536 2120 607 2163 rere
629 2098 774 2163 Romani.
816 2096 1029 2164 Concordiam
1050 2100 1173 2166 Romae
1192 2101 1268 2167 red..

198 2211 298 2290 didit,
322 2212 408 2277 unde
426 2211 663 2278 meritissimum
685 2212 715 2276 ei
735 2210 879 2277 adhaesit
901 2234 1079 2301 cognomen
1104 2213 1265 2283 Maximi.

245 2323 390 2391 Gonieoit
416 2325 473 2390 ille
502 2324 629 2390 turbam
666 2324 759 2390 istam
785 2325 944 2390 forensem
978 2324 1011 2391 in
1044 2338 1182 2415 quatuor
1210 2327 1266 2391 tri·

198 2440 275 2519 bus,
308 2461 386 2529 quas
416 2439 553 2505 urbanus
582 2451 651 2504 tum
681 2439 811 2504 demum
842 2438 1024 2529 appellarit.
1083 2438 1264 2507 Libertinos

199 2576 265 2618 non
295 2553 441 2618 tribubus
470 2552 590 2630 movit,
624 2563 659 2617 nt
688 2552 835 2617 Aurelius
857 2551 967 2617 Victor
1001 2550 1130 2632 scribit,
1163 2552 1264 2621 voluit

197 2666 276 2731 illud
308 2666 456 2757 quidem,
481 2665 535 2731 sed
556 2687 621 2730 non
642 2665 748 2755 potuit
767 2665 939 2755 perlicere,
963 2676 1102 2732 ettamen
1122 2687 1158 2730 ex
1179 2689 1263 2733 noro

197 2779 344 2845 instituto
365 2780 460 2869 longe
478 2780 585 2845 minus
601 2779 768 2870 pollebant
783 2779 859 2844 nori
873 2779 925 2843 isti
940 2779 1040 2859 eires,
1057 2780 1173 2869 quibus
1189 2780 1261 2847 talis

197 2893 285 2960 locus
305 2905 371 2960 erat
391 2892 613 2983 assignandus,
633 2905 668 2958 ut
687 2893 869 2982 suffragium
887 2892 1018 2983 quidem
1036 2892 1155 2959 ferrent
1173 2906 1261 2961 oete-

196 3006 303 3097 risquc
330 3007 467 3073 civitatis
494 3008 617 3073 iuribus
646 3019 824 3086 uterentur,
857 3007 912 3073 sed
938 3007 1001 3085 ita,
1023 3019 1143 3072 utnon
1163 3031 1261 3097 penes

195 3120 270 3185 istos
300 3120 496 3212 reipublicae
521 3120 789 3187 administrandae
818 3132 897 3186 esset
926 3131 1080 3210 potestas,
1110 3120 1198 3210 quod
1220 3144 1257 3187 ex

193 3230 321 3299 Claudii
349 3235 495 3299 instituto
525 3257 598 3302 mox
618 3247 723 3301 ortum
744 3247 834 3301 esset.
883 3233 970 3317 Quae
990 3246 1069 3299 tunc
1092 3235 1256 3301 exstabant

192 3350 232 3412 31
251 3347 369 3427 tribus,
393 3348 521 3414 nomine
539 3360 664 3414 tantum
684 3350 766 3414 inter
784 3373 816 3414 se
837 3347 1072 3438 discrepabant,
1092 3371 1164 3413 nam
1178 3347 1258 3413 suba

192 3459 255 3525 lata
285 3473 352 3527 eret
380 3463 557 3539 ἕγκτῆσεως
587 3463 771 3542 necessitas3
803 3461 865 3528 hoc
883 3461 1021 3527 restituit
1040 3460 1175 3543 Fabius,
1200 3460 1255 3526 sed

191 3574 253 3651 ito,
283 3586 319 3638 ut
345 3574 488 3639 libertini
515 3576 602 3665 iique
633 3598 758 3653 omnes,
790 3575 848 3665 qui
873 3575 998 3640 nullum
1022 3597 1132 3664 agrum
1153 3575 1256 3664 possi-

191 3686 303 3752 dentes
324 3701 417 3752 antea
436 3687 475 3752 ad
498 3689 618 3754 nullam
640 3689 859 3779 pertinuerant
878 3688 1013 3766 tribum,
1037 3689 1070 3752 in
1091 3698 1254 3777 posterum

187 3799 229 3865 ad
255 3823 352 3865 unam
373 3825 410 3866 ex
429 3814 566 3891 quatuor
594 3802 723 3867 urbanis
743 3802 955 3879 referrentur,
983 3823 1066 3892 quae
1087 3814 1120 3866 et
1141 3798 1253 3865 ordine

188 3925 221 3978 ct
240 3915 369 3979 nomine
388 3939 405 3979 a
426 3916 536 3981 ceteris
557 3915 835 4004 distinguerentur.
883 3913 1006 3999 Quibus
1023 3913 1154 4004 reliquis
1169 3913 1252 3977 anti-

187 4049 284 4116 quam
301 4028 479 4094 restitutam
506 4052 572 4095 esse
593 4028 762 4106 rationem,
785 4028 877 4093 nobis
895 4039 1007 4097 auctor
1035 4038 1081 4091 est
1111 4025 1249 4091 Momm·

188 4152 278 4218 ssn2,
295 4140 351 4230 qui
364 4139 479 4206 vellem
491 4142 689 4232 explicasset,
709 4140 787 4230 quid
806 4140 918 4205 fecerit
938 4137 977 4204 de
988 4138 1025 4203 iis
1036 4137 1172 4216 civibus,
1192 4139 1248 4229 qui

213 4410 232 4477 ¹)
249 4414 307 4462 Lir.
326 4413 375 4463 IX.
399 4418 446 4473 463
464 4415 523 4464 vat.
547 4415 618 4465 Max.
643 4418 680 4466 11.
705 4424 728 4466 2.
748 4422 777 4476 9;
802 4416 865 4466 Aur.
885 4415 950 4466 vict.
976 4410 1004 4461 V.
1020 4409 1043 4462 1.
1069 4419 1112 4464 32.
1165 4412 1185 4479 Ἴ)
1204 4411 1253 4463 Dis

182 4494 207 4546 Τ
204 4497 268 4548 ribus
286 4496 310 4546 in
327 4496 462 4548 administr.
482 4497 577 4549 uellet.
600 4506 655 4550 153.
