3212 5294
331 448 353 530 5
374 450 402 510 3.
424 452 601 509 nuscanum
623 466 660 507 nx
682 464 777 508 morus
798 465 834 508 os
856 467 924 510 runs
945 466 1117 514 roarrsrcro.
1201 450 1271 514 207·

127 700 130 705 ,
198 644 321 736 scripsit
337 642 387 710 his
408 643 527 710 verbis:
540 644 678 711 .,›>scaias
695 645 769 736 pius
790 645 890 711 tribus
909 643 1059 736 gradibus
1079 647 1140 713 nisi
1161 647 1259 714 Grae·

195 781 245 826 cas
272 757 424 824 scandere
450 759 675 849 nondicebat,
704 780 745 826 ne
772 760 836 826 ulia
856 783 928 851 pars
950 760 1075 851 pedum
1096 761 1165 827 eius
1186 761 1267 826 crui

196 892 304 938 rumre
323 872 435 938 subter
452 874 706 964 conspiceretur,
729 876 908 965 coqueuec
927 874 1074 964 pluribus
1093 874 1270 964 gradibus,·

198 985 250 1052 sed
267 985 392 1065 tribus,
420 998 454 1052 ut
473 987 627 1079 adscensu
647 986 784 1079 duplicis
805 988 893 1054 nisus
916 1011 981 1053 non
996 990 1187 1077 paterentur
1205 1012 1268 1054 er·-

197 1100 274 1165 tolii
287 1112 405 1166 vestem
426 1113 481 1166 aut
500 1101 742 1179 nudaricrura3
766 1125 839 1167 nam
858 1101 931 1167 ideo
950 1100 1138 1185 et·Graecae
1158 1101 1270 1186 scalaej

197 1212 362 1291 dicuntur,
387 1215 462 1303 quia
480 1215 524 1279 ita
545 1214 742 1281 fabricantur
761 1228 796 1281 nt
812 1215 900 1281 omni
914 1237 958 1280 er.
968 1225 1061 1304 parte
1072 1215 1264 1304 compagine

197 1325 375 1392 tabularum
398 1327 524 1393 clausae
541 1341 632 1408 sunt,
649 1351 688 1394 ne
704 1327 889 1419 adspectum
906 1327 946 1394 ed
963 1326 1103 1417 corporis
1120 1327 1260 1418 aliquam

197 1452 317 1530 partem
338 1439 544 1520 admittant'';'
565 1442 621 1532 qui
640 1452 676 1508 ut
696 1441 787 1508 alteri
807 1440 1008 1531 respondeat,
1029 1451 1113 1505 recte
1131 1439 1171 1503 ab
1192 1438 1261 1505 edi-

197 1553 318 1618 torihns
339 1554 495 1620 insertum
517 1567 563 1620 est
582 1559 665 1635 nasi,
681 1578 756 1621 nam
773 1553 863 1620 dedit
880 1554 1016 1633 Fabius,
1038 1553 1180 1632 ascahc,
1202 1553 1263 1618 nisi

197 1688 278 1754 quae
303 1666 423 1733 Graece
444 1668 675 1758 appellantur”‚
699 1680 734 1734 ut
754 1669 787 1733 in
809 1666 920 1734 codice
940 1667 1057 1758 legitur
1076 1679 1130 1731 aut
1150 1677 1186 1731 ut
1204 1689 1262 1731 nos

198 1778 365 1846 scribimus
384 1780 528 1861 omnies,
545 1781 696 1872 nisiquae
709 1781 851 1848 Graecae
862 1781 1093 1872 appellamini,
1104 1792 1265 1871 expuncto

197 1892 497 1984 interpretamento,
534 1894 618 1984 qnod
640 1895 672 1959 in
692 1894 776 1960 libro
798 1894 939 1960 Fabiano
957 1892 1129 1959 ridiculum
1151 1892 1262 1958 admo-

198 2006 275 2072 dum
306 2008 433 2087 iuisset,
466 2031 531 2073 non
561 2008 648 2074 enim
674 2019 844 2098 praecepta
868 2008 913 2072 sic
936 2005 1004 2071 dari
1024 2005 1144 2086 scierit,
1174 2007 1264 2072 nefas

198 2119 390 2186 adscendere
420 2118 551 2209 gradus,
577 2142 656 2209 qnos
684 2118 737 2185 hic
754 2120 804 2184 rel
824 2118 879 2183 ilie
899 2117 1038 2208 populus
1057 2119 1102 2183 sio
1123 2119 1264 2207 appellat

199 2257 253 2299 sua
274 2234 392 2322 lingua.
404 2270 449 2286 -
469 2233 611 2299 Ultimus
629 2243 754 2297 tantum
773 2233 877 2309 locus,
897 2231 1016 2311 fateor,
1033 2243 1144 2296 contra
1161 2254 1262 2297 meam

200 2345 307 2413 afferri
337 2346 665 2437 potestopiuioncm,
695 2369 770 2411 nam
790 2345 931 2410 diuersus
957 2344 1036 2410 ritus
1060 2344 1176 2423 fertur,
1208 2345 1262 2410 sed

200 2459 287 2550 quod
318 2460 550 2526 commentator
579 2459 675 2525 tradit
702 2460 859 2524 »nonnisi
884 2481 985 2523 uuum
1007 2470 1169 2523 mortuum
1190 2471 1264 2523 tau·

199 2597 273 2664 gere
292 2573 406 2639 licere''
431 2572 548 2636 adeon
574 2570 851 2638 verisimilitudine
872 2569 1037 2648 abhorret,
1065 2582 1101 2635 ut
1121 2594 1193 2636 eum
1213 2594 1266 2658 er»

200 2709 282 2751 rasse
304 2686 409 2777 potius
431 2696 593 2749 statuam·
701 2712 703 2715 ·

201 2911 255 2978 ΝΟ.
289 2913 344 2976 111.
394 2911 546 2976 Veranius
574 2933 611 2976 cr
640 2909 672 2974 Ιο
694 2910 777 2976 libro
797 2911 930 2977 Pictoris
951 2911 993 2974 ita
1014 2909 1266 2979 dissertationem

292 3025 380 3090 rerbi
393 3030 568 3115 porricere
586 3037 751 3090 exsecutus
769 3037 831 3091 cst:
859 3036 956 3090 »exta
981 3025 1195 3114 porriciunto,
1219 3025 1269 3092 dis

293 3137 391 3203 danto
413 3138 445 3202 in
466 3138 575 3204 altaria
594 3161 719 3204 aramve
737 3138 902 3218 focumre,
920 3160 997 3203 core
1017 3160 1082 3226 quo
1101 3149 1172 3203 exta
1200 3139 1268 3204 dari

294 3236 490 3316 debebunt.''
537 3251 700 3317 Porricere
724 3274 788 3316 non
813 3251 968 3341 proiicere
988 3250 1151 3339 proprium
1171 3251 1268 3316 sacri-

294 3363 360 3428 ficii
383 3364 515 3429 verbum
540 3376 586 3430 est
608 3378 632 3431 ¹.

227 3476 333 3542 Minus
354 3490 438 3542 recte
457 3477 608 3543 Kreusius
629 3475 795 3568 descripsit
814 3500 896 3567 quae
915 3476 953 3541 ad
975 3475 1062 3541 hunc
1086 3474 1192 3541 iocum
1218 3477 1270 3541 in-

207 3581 415 3680 telligendum
445 3591 586 3670 faciunt,
620 3589 706 3680 quod
734 3602 841 3655 tamen
862 3613 927 3656 nou
948 3587 1145 3678 urgendum,
1176 3589 1270 3654 dum-

207 3702 302 3768 modo
330 3724 456 3768 mecum
484 3704 579 3770 faciat
602 3703 664 3768 hoc
683 3725 749 3768 esse
769 3703 982 3793 fragmentum
1002 3725 1039 3767 ex
1058 3702 1141 3767 libro
1166 3703 1272 3793 primo

201 3817 375 3906 pontificii
392 3818 483 3896 iuria,
507 3817 594 3907 quod
613 3815 806 3882 vocabulum
829 3816 968 3906 priscum
990 3815 1022 3879 in
1046 3838 1079 3880 re
1100 3837 1186 3881 sacra
1206 3839 1274 3881 ser·

209 3942 315 3996 ratum
338 3929 450 3995 suadet
471 3942 502 3997 et
522 3952 656 4021 sequens
674 3928 887 4018 fragmentum
910 3928 1037 3995 evincit.

210 4152 262 4222 N⁰.
297 4155 351 4221 IV.
400 4155 431 4221 1⁰
452 4157 611 4246 pontificii
639 4156 714 4222 iuris
742 4157 817 4222 libri
847 4155 931 4247 apud
962 4156 1118 4221 Pictorem
1140 4156 1273 4222 rerbum

299 4269 360 4336 hoc
383 4271 524 4361 positum
548 4283 614 4336 est:
638 4273 783 4336 oz’tulure'
802 4281 827 4338 ².

237 4516 256 4585 ¹)
272 4521 383 4573 Macrob.
402 4518 456 4571 sar.
474 4521 526 4571 III.
546 4527 569 4571 2.
636 4518 658 4589 ²)
674 4519 786 4572 Macrob.
805 4516 858 4569 Sar.
876 4520 926 4570 ΠΙ.
946 4526 971 4571 2.
