3154 5294
329 444 387 507 168
573 461 600 510 o.
622 457 726 502 ranrcs
747 457 868 512 meros,
890 456 1057 500 nrsronrcos
1077 440 1152 522 (36).

340 639 371 706 N
374 639 438 704 onii
453 638 667 704 testimonium
679 637 781 703 eidem
793 650 901 703 nostro
913 636 1031 720 Quinto
1042 635 1290 726 adscripserunt,
1309 658 1400 703 enm·

342 777 405 844 que
427 752 496 817 lies
525 750 648 818 Geslos
676 751 895 839 conscripsisse
922 749 1144 841 perhibentes3
1174 772 1239 814 non
1262 749 1306 814 ita
1329 773 1403 839 ego,

341 888 526 956 persuasum
553 864 638 930 enim
668 863 747 929 mibi
773 862 875 929 habeo
906 862 942 947 Q.
964 863 1097 928 Fabium
1120 862 1239 929 Graeco
1261 885 1403 928 sermone

339 977 459 1067 priscos
480 999 553 1042 suos
573 974 752 1041 condidisse
776 975 1038 1052 commentarios,
1061 986 1093 1039 et
1123 984 1229 1063 spreto
1256 973 1403 1041 Noniano

341 1089 522 1158 testimonio
543 1110 615 1153 eum
637 1087 751 1153 Latine
771 1109 900 1177 quoqne
921 1086 1079 1176 scripsisse
1100 1108 1191 1174 nego.

386 1203 412 1267 A
440 1199 631 1291 quibusdum
660 1198 776 1264 deinde
796 1200 913 1265 Fabius
933 1199 1039 1263 Pictor
1058 1199 1222 1277 statuitur,
1252 1210 1288 1263 ut
1317 1212 1403 1265 utra-

338 1338 401 1406 quc
420 1316 504 1379 fama
527 1313 698 1379 coniuncta
717 1311 807 1378 nullu
829 1311 963 1402 supersit
980 1310 1140 1401 quaestio,
1159 1321 1284 1401 praeter
1304 1311 1402 1378 Grae-

340 1451 394 1494 cos
423 1427 552 1492 annales
583 1425 713 1492 Latinos
740 1448 871 1516 quoque
891 1424 1059 1514 scripsisse.
1106 1423 1209 1488 Huius
1229 1424 1275 1487 rei
1295 1446 1403 1513 erem-

336 1539 429 1630 plnm
452 1539 561 1604 Albini
582 1540 672 1604 affert
693 1538 870 1604 Harlessins
885 1551 907 1616 ¹,
923 1536 1120 1603 contendens
1140 1535 1202 1602 hoe
1218 1534 1317 1601 dubio
1335 1560 1401 1604 non

337 1676 404 1718 esse
415 1652 588 1717 obnoxium
599 1663 729 1742 propter
739 1652 805 1717 eius
820 1650 912 1716 rerba
921 1649 1006 1740 apud
1017 1649 1215 1715 Macrobium
1226 1660 1238 1698 ²
1251 1649 1291 1714 de
1301 1650 1401 1715 Bruto

337 1766 394 1856 qui
422 1766 579 1855 grossulos
602 1788 639 1829 er
660 1764 759 1830 melle
779 1763 902 1843 ederet3
925 1763 980 1828 sod
1000 1761 1142 1828 nondum
1166 1761 1256 1827 rideo
1276 1762 1401 1827 Macro·

333 1877 423 1941 bium
436 1900 500 1942 non
514 1876 654 1967 potuisse
665 1874 745 1940 illud
761 1875 866 1965 legere
885 1873 970 1964 apud
988 1896 1086 1939 unum
1103 1872 1277 1938 alterumve
1296 1897 1400 1963 gram-

335 1989 507 2065 maticum,
532 1987 588 2076 qni
612 1985 733 2050 bocer
755 1985 876 2051 Graeco
897 2007 1022 2050 versum
1044 1984 1203 2050 laudabat.
1249 1984 1401 2052 Krausius

334 2113 441 2166 antem
469 2111 554 2164 recte
581 2098 665 2164 hane
688 2099 871 2189 opinionem
900 2098 1025 2164 ridetur
1048 2098 1237 2188 explosisse,
1260 2120 1321 2164 nec
1341 2123 1399 2166 an·

333 2227 438 2280 nuunt
465 2213 583 2303 duplex
614 2235 693 2303 opus
725 2213 901 2302 fragmenta
931 2211 1083 2289 Pictoris,
1115 2223 1241 2302 praeter
1268 2214 1399 2281 unicum

334 2325 433 2392 Nonii
459 2326 696 2404 testimonium,
730 2327 782 2390 cui
810 2326 835 2390 si
860 2323 958 2390 iidem
983 2324 1118 2403 habeas,
1144 2324 1299 2408 Quintum
1319 2348 1398 2393 cun·

335 2438 406 2504 dem
436 2439 592 2504 librorum
620 2437 660 2503 de
689 2438 758 2502 inre
784 2438 951 2528 pontificio
979 2459 1083 2502 sumas
1106 2452 1287 2519 auctorem,
1310 2439 1397 2530 quod

336 2551 523 2642 ceteroquin
540 2550 670 2616 aliunde
689 2550 819 2616 omnino
836 2572 900 2615 non
919 2548 1088 2639 probabile
1103 2561 1165 2629 est,
1186 2574 1257 2616 nam
1271 2550 1400 2618 Servius

334 2665 442 2730 Pictor
472 2664 549 2729 iuris
577 2662 706 2728 scientia
733 2662 874 2727 innotuit
905 2673 984 2727 teste
1010 2659 1184 2741 Cicerone,
1207 2685 1266 2728 nco
1288 2665 1398 2730 verisi-

332 2778 411 2844 mile
438 2788 486 2841 est
514 2774 653 2841 eundem
683 2775 739 2864 qui
766 2775 888 2864 primus
910 2775 1050 2840 animum
1071 2773 1110 2840 ad
1133 2773 1296 2842 historiam
1318 2799 1397 2843 con·

335 2886 538 2956 scribendam
559 2885 702 2977 appulit,
725 2886 823 2977 idque
853 2887 988 2977 perfecit
1015 2887 1093 2952 anili
1121 2886 1218 2953 modo
1247 2900 1279 2954 et
1304 2890 1397 2957 nimis

333 3004 424 3081 lere,
447 2998 604 3079 eundem,
630 3000 779 3090 inquam,
798 3011 1094 3066 sumereauctorem
1117 3000 1218 3089 operis
1237 3000 1277 3064 ab
1296 3002 1397 3069 altero

333 3126 403 3181 toto
428 3113 519 3178 coelo
546 3111 671 3178 diversi.
719 3114 761 3177 At
781 3113 930 3178 ultimum
950 3111 1032 3177 illud
1054 3112 1207 3179 refellisse
1227 3113 1289 3178 sibi
1308 3115 1398 3182 ride-

335 3242 387 3294 tur
408 3226 592 3317 Nipperdey
620 3237 632 3276 ³
657 3226 789 3291 afferens
811 3225 949 3291 Annales
965 3225 1132 3305 Maximos,
1160 3249 1297 3317 quorum
1314 3252 1396 3319 pon·

333 3343 435 3407 tiliees
460 3353 550 3406 erant
575 3351 719 3404 auctores
740 3339 838 3405 iidem
860 3340 916 3430 qui
934 3340 1032 3404 libros
1052 3340 1234 3429 pontificios
1255 3343 1397 3409 conscri-

333 3455 471 3533 bebant3
492 3476 599 3519 rerum
621 3476 686 3518 non
705 3453 816 3519 eadem
835 3453 916 3518 ratio
935 3454 968 3517 in
989 3475 1053 3518 uno
1070 3453 1247 3544 eodemque
1266 3453 1396 3524 homine

333 3568 436 3634 raleat
456 3587 583 3635 necesse
605 3577 670 3643 est,
691 3589 775 3655 quae
796 3567 828 3629 iu
849 3577 917 3630 toto
937 3565 1091 3655 collegi03
1111 3565 1145 3630 hi
1166 3567 1199 3630 in
1219 3567 1289 3632 aliis
1306 3568 1397 3633 libris

331 3681 473 3745 instituta
492 3680 636 3768 ritusque
648 3678 766 3768 scripto
778 3676 1025 3757 mandaverunt,
1041 3701 1098 3744 suo
1109 3680 1250 3769 ipsorum
1263 3704 1396 3748 munere

331 3793 452 3872 coacti,
471 3814 579 3857 rerum
597 3814 661 3856 non
677 3791 821 3880 seqnitur
836 3789 911 3855 inde
931 3789 966 3872 Q.
981 3790 1154 3870 Pictorem,
1173 3792 1229 3881 qni
1248 3791 1394 3860 Latinum

331 3909 476 3998 linguam
507 3905 654 3971 ruditatis
686 3926 779 3969 cansa
812 3926 876 3970 non
906 3915 1031 3993 poterat
1061 3903 1213 3971 adhibere
1242 3905 1393 3973 historico

330 4022 437 4112 operi,
471 4018 559 4083 bunc
589 4019 766 4108 principem
795 4015 944 4081 historiae
973 4015 1205 4108 qualiscunque
1230 4031 1392 4086 auctorem

330 4132 470 4199 eundem
493 4132 570 4221 poni
596 4153 687 4221 posse
718 4141 879 4196 auctorem
908 4129 1063 4195 librorum
1098 4130 1138 4195 de
1168 4130 1235 4197 iure
1260 4134 1393 4223 pontili-

329 4247 397 4326 cio,
418 4247 474 4337 qui
497 4245 652 4311 elaborati
676 4244 772 4310 fuisse
793 4255 1004 4335 apparenter
1036 4242 1181 4311 Gelliano
1202 4247 1392 4315 testimonio.

356 4491 375 4558 ¹)
394 4492 456 4555 rag.
476 4498 499 4541 2.
553 4488 573 4557 η
592 4487 645 4540 mr.
663 4491 700 4541 11.
723 4494 761 4541 rs.
815 4486 835 4556 ⁵)
853 4490 885 4542 (η
904 4488 1022 4555 esrom.
1041 4490 1089 4544 vr.
1115 4495 1172 4541 raa.
