3210 5300
270 424 273 441 ¹
342 442 402 504 320
483 461 510 509 o.
532 456 633 500 riorus
654 459 681 508 o.
704 458 732 502 r.
754 456 782 506 u.
804 437 1268 519 n.uax1nuscuncrrrou(33).

391 635 553 727 Quidquid
576 647 637 712 est,
661 633 770 700 Liuius
790 632 917 722 ingenio
937 633 1099 723 indulget,
1116 633 1173 699 uhi
1189 633 1299 699 scribit
1317 632 1406 698 llan-

343 750 484 817 nibalem
517 772 617 840 quum
646 748 696 815 rix
724 759 825 813 eastra
852 747 1024 838 posuisset,
1056 769 1093 812 ea
1123 747 1257 814 movisse
1274 757 1408 836 propter

344 863 437 929 Fabii
457 862 693 928 cunctationem
715 872 746 927 et
767 860 989 950 prudentiam,
1013 882 1095 950 quae
1116 860 1150 924 ui
1169 859 1264 925 fallor
1283 860 1328 926 nil
1348 858 1406 923 ha-

344 975 401 1040 bet
428 996 599 1041 commune
628 996 700 1039 cum
726 973 873 1051 consilio,
898 972 985 1064 quod
1007 984 1084 1037 tuno
1104 973 1229 1039 Poenus
1249 973 1340 1051 iniit,
1363 974 1406 1038 si·

343 1089 450 1155 mulac
485 1087 538 1153 hic
573 1108 703 1178 quoquc
736 1086 768 1150 in
801 1085 892 1150 Fabii
921 1085 1094 1150 exercitum
1124 1084 1316 1164 offenderet,
1348 1108 1407 1174 per

343 1201 508 1269 Samnium
538 1213 569 1266 et
601 1198 752 1290 Hirpinos
779 1198 886 1287 potius
913 1197 1035 1264 Urbem
1059 1209 1166 1286 petere
1192 1210 1223 1262 et
1251 1197 1406 1263 Fabianus

344 1315 485 1403 legiones
514 1311 746 1388 intercludere,
780 1309 868 1400 quod
896 1311 1026 1375 omnino
1050 1310 1113 1375 iam
1137 1309 1193 1374 diu
1212 1309 1261 1374 illi
1281 1331 1406 1376 succes·

344 1428 452 1506 sisset‚
476 1427 501 1491 si
521 1449 555 1491 re
576 1447 648 1491 reru
669 1435 836 1490 cunctatus
857 1436 937 1490 esset
958 1435 1082 1502 noster,
1108 1436 1142 1490 ut
1163 1423 1270 1490 Liuius
1291 1422 1405 1502 tradit,

342 1561 430 1605 nuuc
450 1560 524 1604 rero
543 1537 665 1603 inreuit
678 1537 912 1626 paratissimum
928 1549 960 1603 et
978 1536 1259 1629 prudentissimum
1274 1535 1406 1616 ducem,

343 1652 398 1743 qui
423 1650 467 1716 sic
491 1673 564 1715 eum
590 1650 694 1740 coegit
718 1649 886 1715 consilium
910 1661 1044 1716 mutare.

390 1763 545 1830 Cohaeret
562 1785 635 1828 cum
653 1763 713 1827 hac
728 1762 960 1853 simplicissima
975 1762 1183 1853 expeditionis
1197 1762 1406 1852 explicatione

342 1876 449 1956 aliud,
482 1875 522 1941 de
551 1898 614 1966 quo
643 1897 730 1940 nuuc
758 1874 871 1941 dicam.
920 1876 1063 1941 Tradunt
1093 1899 1200 1941 omnes
1231 1890 1241 1926 ¹
1269 1875 1405 1941 Fabium

344 1989 472 2057 modico
490 1986 658 2052 interuallo
678 1986 883 2052 subsecutum
904 2009 970 2052 esse
990 1986 1130 2065 hostem,
1154 2009 1194 2051 nc
1215 2008 1289 2052 eum
1311 1987 1407 2053 omit·

347 2113 442 2181 teret,
466 2123 524 2191 per
543 2099 613 2165 loca
637 2100 700 2165 altu
718 2099 832 2165 itinere
853 2099 938 2164 lacto
960 2098 1045 2165 unde
1062 2099 1260 2189 dignosceret
1276 2098 1408 2166 illorum

256 2218 259 2227 “
345 2216 470 2281 itinera.
519 2210 647 2302 Optime
676 2212 738 2277 hoc
766 2212 972 2301 intelligimus
996 2235 1032 2277 er
1060 2223 1126 2277 tota
1146 2210 1319 2276 cunctandi
1337 2234 1409 2277 me·

346 2326 465 2405 thodo,
490 2347 571 2415 quae
588 2325 705 2414 procul
725 2324 824 2390 dubio
844 2324 1018 2390 admodum
1038 2325 1182 2390 salutaris
1203 2324 1264 2388 fuit
1281 2325 1327 2390 rei
1341 2324 1408 2390 Ro-

344 2461 469 2518 manae;
496 2437 540 2503 sic
561 2438 646 2505 enim
663 2439 782 2516 effecit,
807 2450 842 2503 ut
858 2450 985 2528 praesto
1003 2450 1084 2504 esset
1099 2437 1284 2528 ubicunque
1300 2437 1407 2505 hostes

346 2577 378 2620 se
398 2550 617 2629 ostenderent,
635 2549 721 2641 quod
743 2551 775 2616 in
795 2551 924 2640 regione
944 2551 1081 2617 saltuosa
1103 2564 1136 2617 et
1154 2563 1300 2618 montosa
1322 2551 1407 2617 diffi-

346 2666 437 2731 cilius
458 2677 524 2744 est,
555 2664 589 2728 ni
608 2662 717 2742 fallor3
748 2664 876 2729 arcebat
896 2664 991 2730 simul
1012 2665 1144 2755 patriam
1167 2676 1199 2730 et
1217 2664 1348 2729 carebat
1366 2687 1407 2729 ne

345 2801 403 2869 per
427 2777 534 2842 devias
555 2777 718 2842 intrarent,
766 2774 829 2842 Sed
848 2777 1015 2867 antiquum
1038 2776 1185 2843 obtinent
1208 2778 1241 2842 in
1267 2777 1315 2843 his
1340 2788 1408 2843 tum

347 2901 468 2956 veteres
496 2900 563 2954 tum
593 2888 784 2954 recentiores
813 2889 974 2967 historici,
1002 2890 1058 2979 qui
1083 2891 1217 2956 Fabium
1249 2890 1408 2956 inducunt

346 3024 406 3092 per
431 3013 535 3067 totum
554 3001 633 3079 iter,
660 3001 746 3092 quod
766 3001 931 3067 Hannibal
950 3001 1026 3068 iude
1045 3026 1081 3069 er
1103 3004 1229 3069 Etruria
1247 3027 1347 3094 usque
1366 3004 1408 3070 ad

348 3113 553 3206 Campaniam
582 3115 674 3194 feeit,
707 3113 811 3180 hostes
843 3114 971 3180 modico
1005 3116 1172 3181 intervallo
1202 3117 1407 3183 subsecutum

346 3252 427 3309 esse,
450 3229 493 3294 ita
515 3240 564 3308 ut,
589 3250 689 3319 quum
717 3251 755 3293 er
783 3227 925 3318 llirpinis
954 3251 1013 3319 per
1040 3226 1206 3295 Samnium
1234 3231 1266 3294 in
1298 3252 1409 3320 agrum

345 3343 513 3412 Stellatem
533 3342 668 3421 reniret,
693 3340 811 3406 Fabius
829 3342 858 3407 ei
876 3366 893 3407 a
911 3354 999 3433 tergo
1017 3342 1136 3410 fuisset.
1185 3342 1271 3427 Quae
1282 3355 1409 3409 senteu-

345 3458 404 3535 tia,
428 3468 462 3519 ut
491 3477 563 3520 rere
585 3455 704 3533 dicam,
723 3453 857 3520 ridicula
877 3466 938 3536 est,
962 3467 1075 3521 natura
1097 3478 1203 3521 rerum
1228 3471 1295 3522 tum
1316 3456 1409 3523 Fabii

346 3568 510 3660 ingenium
528 3566 837 3657 celebratissimaque
854 3568 1033 3647 cunctatio,
1050 3579 1118 3634 tum
1135 3569 1248 3634 tactica
1267 3570 1408 3649 obstaut;

345 3683 421 3750 fecit
438 3680 523 3748 illud
544 3679 661 3745 Fabius
682 3679 758 3745 dum
780 3702 859 3771 opus
879 3694 975 3761 esset,
1000 3683 1037 3748 in
1060 3681 1170 3748 Marsis
1190 3704 1289 3772 quum
1311 3682 1409 3770 dege-

345 3808 408 3876 ret,
432 3796 499 3887 ipsc
518 3792 618 3859 Tibur
636 3793 748 3858 relicto
766 3794 847 3883 petit
864 3793 1045 3874 Praeneste,
1064 3807 1099 3861 ut
1120 3796 1301 3865 transversis
1320 3795 1410 3860 limi-

344 3910 431 3975 tibus
451 3909 484 3973 iu
504 3907 585 3972 riam
611 3906 757 3972 Latinam
784 3909 979 3996 perreuirat;
1003 3908 1122 3975 interea
1146 3922 1282 4000 pergunt
1301 3909 1408 3975 hostes

345 4024 380 4087 in
398 4021 574 4087 Frentanus
599 4021 729 4110 regressi
748 4019 799 4087 vel
823 4021 857 4086 iu
878 4021 1048 4100 Dauniam,
1068 4022 1130 4088 iam
1149 4033 1226 4088 tunc
1242 4047 1306 4089 non
1326 4022 1408 4089 adeo

345 4146 437 4201 erant
464 4133 643 4213 metuendi,
672 4158 746 4202 uam
777 4136 954 4203 sufficiehat
977 4137 1136 4225 Apennini
1161 4137 1288 4229 iugum,
1320 4139 1410 4230 quod

343 4247 460 4313 Fabius
488 4248 592 4313 noluit
613 4249 772 4336 traiicere,
796 4273 855 4316 nec
874 4271 952 4341 opus
977 4261 1059 4330 erut,
1084 4263 1161 4317 tuuc
1180 4275 1245 4318 nou
1266 4264 1332 4321 erat
1350 4275 1409 4343 pe·

374 4497 395 4566 ¹)
412 4499 500 4565 Polyb.
518 4499 569 4550 111.
590 4504 622 4550 90
640 4500 653 4565 d
673 4507 699 4563 l;
716 4502 773 4553 Liv.
792 4502 883 4554 XXII.
905 4507 949 4565 123
967 4503 1035 4558 Plus.
1055 4503 1114 4551 Fau.
1134 4507 1158 4551 5.
