3154 5294
276 484 303 536 o.
315 485 419 529 sauros
429 485 460 527 n.
473 487 499 529 r.
510 485 538 535 o.
549 485 577 529 n.
590 484 740 531 auausrus
752 467 807 550 (nt
828 469 849 551 5
861 470 888 531 3.
900 489 1011 535 consor.
1022 471 1092 535 342.
1181 474 1221 535 83

151 684 212 731 non
233 661 381 729 additum
401 675 449 729 est
468 685 541 730 eum
559 664 611 730 bis
632 664 796 731 consulem
816 688 892 733 esse.
931 665 1080 758 Denique
1099 689 1217 734 eonsu-

146 776 245 842 latum
266 775 357 842 illum
381 777 476 866 gessit
494 775 631 860 Quintus
649 777 824 845 Ambustus
842 780 911 866 (9),
935 781 1027 848 cuius
1046 804 1095 847 res
1114 793 1216 872 gestas

147 889 273 956 iamiam
293 911 530 980 persequemur,
553 913 616 955 non
638 889 817 958 Vibulanus
835 893 883 982 (7)
904 892 944 961 de
964 916 1029 983 quo
1049 894 1112 960 iam
1133 893 1216 961 ridi-

148 1026 226 1069 mus.
258 1002 458 1071 Contrarium
479 1004 505 1071 si
523 1002 614 1069 lubet
640 1004 722 1070 tueri
740 1005 916 1085 rationem,
940 1007 973 1072 in
996 1007 1103 1098 plnres
1126 1005 1216 1073 dabis

148 1115 370 1193 difficultates,
392 1138 472 1205 quas
491 1114 577 1194 ride,
603 1117 628 1183 si
647 1117 728 1183 tanti
760 1130 821 1196 est,
855 1118 939 1210 apud
963 1142 1035 1198 eos,
1064 1120 1122 1209 qui
1141 1132 1217 1186 aute

147 1251 196 1294 me
212 1226 296 1295 hano
311 1228 515 1318 genealogiae
527 1228 686 1295 Fabianae
702 1242 826 1319 partem
841 1230 1109 1298 administrarant.
1125 1231 1215 1297 Pono

150 1341 303 1425 Quintum
332 1364 349 1405 e
376 1340 477 1407 tribus
507 1341 681 1409 maximum
708 1355 805 1420 natu,
836 1344 994 1410 intersunt
1026 1348 1069 1411 30
1097 1345 1171 1410 anni
1194 1369 1217 1410 a

145 1454 241 1546 patris
269 1452 454 1532 consulatu,
483 1455 540 1544 qui
559 1477 710 1521 numerus
735 1455 857 1545 vulgari
876 1456 1056 1547 respondet.
1096 1457 1217 1523 Restat

145 1568 230 1633 aliud
251 1567 401 1659 quidem,
430 1567 516 1658 qnod
539 1581 624 1635 reete
643 1569 715 1635 tolli
733 1593 798 1635 non
816 1581 940 1659 potest,
964 1592 1018 1636 sos
1038 1592 1122 1635 anuo
1148 1574 1214 1636 364

144 1680 248 1747 adhue
277 1681 496 1772 magistratum
522 1682 651 1770 gessisse
682 1683 772 1773 atqui
799 1682 840 1747 ad
864 1694 1002 1749 aetatem
1022 1683 1116 1748 nimis
1136 1707 1214 1774 pro·

147 1804 266 1860 sentam
296 1796 491 1884 pervenisse,
523 1817 589 1861 nou
619 1795 749 1862 eosdem
778 1796 874 1884 igitur
896 1795 1069 1862 Ambustus
1103 1796 1215 1876 luisse3

146 1907 197 1972 sed
227 1907 433 1973 consentiunt
459 1906 602 1973 historici
630 1907 692 1975 hoo
721 1910 871 1990 nomine,
907 1912 964 2001 qui
996 1909 1216 2000 genealogiam

144 2020 234 2087 istam
263 2021 364 2087 secuti
392 2043 458 2087 esse
486 2019 740 2112 ridentemque
768 2021 802 2087 in
828 2045 862 2088 re
890 2022 915 2087 si
943 2022 1020 2113 quid
1045 2021 1086 2087 ad
1113 2023 1214 2112 tiqui-

146 2132 221 2199 dum
246 2133 380 2224 perduci
411 2133 538 2223 nequit,
568 2134 727 2200 tribuatur
755 2135 850 2201 velim
877 2133 1027 2201 historiae
1048 2135 1216 2225 legationis

146 2243 293 2313 clusinae
313 2258 490 2335 raptaeque
512 2245 624 2323 Urbis,
655 2268 736 2334 quae
757 2244 905 2310 nonnihil
929 2230 1074 2311 fabulose
1096 2243 1214 2311 descri-

147 2371 197 2447 pta
221 2371 278 2425 est.

501 2482 519 2564 §
544 2485 576 2544 3.
627 2477 753 2544 Consul
776 2483 853 2545 342.

400 2623 427 2685 Q.
445 2622 545 2670 santus
563 2623 593 2672 ll.
609 2623 636 2672 f.
655 2622 681 2685 Q.
702 2622 729 2671 ll.
747 2622 896 2672 uenustus
914 2622 933 2672 ¹.

400 2715 424 2764 G.
442 2715 544 2763 FUlllUS
562 2716 585 2766 G.
604 2716 629 2766 F.
648 2715 773 2765 brettos,

188 2813 257 2880 lloo
287 2825 406 2879 anno2
437 2814 473 2879 L.
499 2813 608 2880 Icilius
629 2814 776 2881 tribunus
803 2813 974 2904 plebisde
1001 2814 1122 2902 agraria
1143 2813 1214 2904 lege

147 2928 308 3018 rogitavit,
334 2925 421 3016 quod
442 2926 508 2992 fere
529 2928 694 3018 proprium
715 2938 782 2992 erat
801 2926 851 2991 illi
870 2926 1026 3006 familiae,
1055 2940 1090 2992 ut
1110 2926 1213 2993 bisto-

144 3041 214 3106 riois
235 3040 350 3106 saltem
369 3039 546 3106 ridebatur.
577 3040 729 3107 Feliolter
743 3053 849 3106 tamen
868 3041 936 3105 eins
952 3042 999 3106 rei
1015 3062 1091 3106 oura
1106 3063 1213 3107 aversa

144 3167 202 3234 ast,
217 3176 291 3218 nam
311 3153 493 3244 pestilentia
512 3154 630 3220 instare
647 3153 847 3232 credebatur,
867 3175 949 3243 quae
968 3152 1138 3219 hominum
1155 3175 1210 3218 co-

144 3268 310 3355 gitationes
329 3267 361 3331 ln
384 3289 555 3357 corporum
575 3266 818 3333 nutriendorum
840 3288 948 3332 curam
968 3268 1138 3346 convertit3
1159 3267 1210 3332 iu-

146 3380 215 3470 opia
246 3379 373 3470 frugum
403 3380 500 3445 tristis
528 3380 591 3445 fult
618 3403 720 3446 annus
749 3381 896 3470 neglecto
923 3381 1015 3446 oultu
1043 3402 1211 3471 agrorum;

144 3515 317 3584 perpaucos
338 3517 411 3560 vero
431 3493 613 3584 pestilentia
632 3493 796 3560 absumsit.

241 3691 259 3771 ὃ
285 3692 312 3751 4.
362 3686 510 3777 Legatos
533 3708 604 3750 eum
618 3685 797 3772 fratribus
824 3680 973 3749 Clusium
996 3687 1061 3749 363
1085 3691 1110 3749 ².

189 3866 339 3960 Sequitur
362 3880 397 3933 ut
418 3868 578 3958 disputem
603 3866 643 3931 de
664 3866 841 3954 legatione,
866 3888 929 3956 qua
949 3864 1052 3931 funoti
1073 3876 1146 3930 sunt
1166 3863 1208 3930 Μ.

148 3977 234 4046 Fabii
253 3982 400 4049 Ambusti
423 3982 483 4047 filii
511 3995 589 4059 tres,
618 3978 756 4063 Quintus
777 3991 885 4044 noster
904 4001 978 4044 oum
1001 3977 1155 4045 Numerio
1176 3990 1208 4043 et

176 4277 194 4345 ll
209 4282 264 4333 Lis.
280 4283 330 4334 IV.
342 4286 378 4333 ‘52
386 4306 393 4344 ς
407 4283 483 4334 Diod.
497 4284 548 4335 sss.
562 4283 640 4335 XIII.
652 4289 698 4343 543
713 4282 837 4341 Cassiod.;
850 4280 904 4330 An.
913 4280 975 4331 Nor.
1011 4276 1031 4348 ²)
1046 4281 1103 4332 Lir.
1112 4281 1162 4330 IV.
1174 4285 1214 4332 52.

143 4358 162 4425 ⁵)
178 4364 232 4415 Liv.
249 4369 284 4417 V.
303 4372 345 4427 35,
364 4372 410 4428 ³o;
425 4368 494 4418 Flor.
513 4370 536 4418 Ι.
560 4374 590 4417 12
610 4370 625 4431 ᾗ
642 4372 656 4416 6
663 4390 670 4427 ;
689 4368 754 4416 Aur.
772 4368 840 4417 vies.
863 4360 895 4412 V·
914 4361 937 4413 I·
957 4370 1002 4423 233
1022 4363 1094 4416 Oros.
1111 4365 1149 4414 11.
1170 4370 1216 4425 1⁹3

22 4516 24 4535 ἱ
141 4445 212 4500 Dion.
221 4450 280 4502 Hal.
290 4451 369 4503 XIII.
383 4458 412 4503 18
421 4476 427 4514 ς
436 4453 511 4504 Diod.
521 4453 571 4505 sic.
581 4452 656 4504 XIV.
666 4457 713 4502 113
721 4474 728 4511 ;
738 4452 805 4514 App.
816 4445 880 4500 Gall.
889 4454 914 4512 2,
923 4454 937 4498 3
946 4471 952 4508 ;
962 4448 1029 4498 Plut.
1045 4445 1109 4498 Corn.
1120 4451 1160 4509 17,
1169 4454 1199 4499 13
1205 4472 1212 4509 3

142 4528 226 4585 Zonar.
244 4537 308 4588 VII.
329 4542 368 4587 23.

1052 4617 1095 4683 6*
