3190 5304
358 444 419 517 tus
465 463 492 513 c.
515 461 618 506 rannus
640 462 667 514 Q·
690 460 759 505 reu.
782 462 809 506 r.
832 460 858 511 o.
879 463 909 508 u.
930 462 1061 506 urrruus
1081 463 1296 509 innonnocrrus
1317 447 1394 531 (5⁰).

369 638 436 705 dies
457 639 626 706 minimum
638 640 843 718 interfuisse,
867 640 892 704 si
913 640 962 705 rel
980 640 1073 706 nobis
1088 664 1212 707 sumere
1228 642 1304 707 licet
1319 641 1432 709 eodem

367 776 475 819 mense
495 753 576 819 duos
596 751 775 843 triumphos
797 775 863 818 esse
885 765 989 832 actos,
1012 754 1077 820 imo
1098 753 1212 820 eodem
1232 778 1333 835 auuo;
1355 777 1430 821 nam

369 866 426 931 riri
450 865 537 931 docti
563 864 603 932 de
627 864 676 930 his
697 877 836 945 certant,
860 889 877 930 a
898 866 1015 957 quibus
1034 867 1117 934 varie
1134 868 1317 959 suppletum
1337 867 1431 932 rideo

368 1001 525 1044 annorum
553 998 740 1059 numerum3
773 977 915 1045 Fischeri
944 979 1115 1045 lectionem
1137 1003 1267 1070 sequor,
1290 980 1430 1046 sednon

365 1091 445 1156 mihi
467 1114 652 1182 persuasum
672 1103 719 1157 est
738 1115 811 1157 eum
833 1115 943 1159 rerum
963 1092 1094 1171 vidisse,
1117 1116 1182 1157 noo
1203 1093 1346 1182 sequitur
1366 1092 1429 1158 sal-

367 1215 431 1269 tem
453 1228 490 1270 ex
509 1204 587 1270 locis
607 1205 704 1269 abeo
725 1205 875 1285 laudatis,
899 1204 1038 1296 denique
1055 1205 1230 1273 Domitium
1247 1206 1430 1273 brevissimo

368 1329 510 1407 tempore
531 1329 605 1408 post
627 1316 763 1382 Fabium
785 1316 1008 1407 triumpharit,
1030 1316 1154 1407 opinor.

708 1502 725 1584 §
749 1505 780 1567 8.
832 1496 974 1588 [Censor
997 1498 1089 1586 646]

412 1654 482 1720 lloc
510 1679 594 1721 anno
621 1656 756 1721 lustrum
784 1654 891 1722 LXIII
910 1655 1076 1721 conditum
1097 1668 1166 1745 est,
1182 1679 1291 1721 rerum
1309 1656 1429 1723 incerta

365 1779 440 1833 sunt
459 1790 626 1834 censorum
647 1770 788 1834 nomina.
838 1767 1034 1833 Enrendatus
1054 1779 1100 1833 est
1121 1780 1227 1834 antem
1249 1768 1425 1834 Frontini¹
1459 1854 1463 1857 “

363 1878 471 1957 locus,
498 1902 563 1969 quo
588 1902 669 1945 coss.
698 1878 781 1944 male
802 1876 924 1943 abierat
943 1878 976 1943 in
995 1902 1099 1959 oens,
1124 1903 1198 1945 nam
1219 1880 1291 1969 quis
1311 1903 1430 1971 quaeso

364 2013 483 2057 annum
513 2015 572 2082 per
598 2014 769 2057 censorum
791 1991 920 2055 nomina
947 1991 1123 2058 indicavit?
1160 1993 1337 2058 Evaserunt
1355 2016 1430 2083 ergo

364 2125 401 2169 ex
430 2103 491 2171 hoc
520 2105 591 2171 loco
620 2104 766 2170 consules
793 2104 868 2169 anni
893 2107 959 2170 638
986 2103 1021 2187 Q.
1042 2104 1159 2169 Fabius
1180 2105 1335 2172 Maximus
1358 2105 1428 2194 (51)

364 2228 396 2282 et
417 2214 451 2282 G.
473 2215 613 2282 Licinius
635 2216 713 2282 Geta
736 2227 761 2281 2.

411 2328 497 2412 Quos
529 2354 601 2396 vero
631 2329 760 2419 Pighius
779 2352 815 2394 ex
836 2328 989 2396 Cicerone
1012 2342 1023 2380 ³
1046 2332 1152 2397 attulit
1173 2354 1335 2415 censores,
1359 2347 1428 2424 post

364 2464 483 2507 annum
513 2445 578 2508 639
606 2442 714 2509 locum
738 2463 829 2506 suum
853 2441 1033 2522 obtineant,
1060 2456 1094 2509 ut
1115 2467 1152 2509 ex
1172 2445 1320 2511 Tulliano
1341 2447 1428 2510 testi-

363 2555 473 2620 monio
496 2554 535 2620 de
556 2543 680 2620 Licinio
702 2555 881 2620 coniicitur.
927 2555 1011 2621 Huic
1035 2556 1157 2648 collega
1180 2559 1316 2623 fueritne
1338 2558 1426 2625 tillo-

363 2667 512 2758 brogicus
533 2680 639 2732 noster
660 2690 699 2732 an
722 2667 888 2748 liburnus,
909 2667 1090 2750 dubitatum
1114 2670 1259 2737 Valerius
1281 2683 1293 2721 ⁴
1316 2695 1430 2763 nempe

364 2780 531 2846 Eburnum
555 2780 665 2844 annuit
686 2781 882 2861 censorium,
908 2781 1015 2872 quiin
1036 2784 1203 2849 consulatu
1224 2807 1353 2875 quoque
1372 2785 1427 2849 Li-

364 2892 450 2958 cinio
470 2892 532 2957 fnit
551 2891 685 2979 collega.
733 2893 793 2959 Pro
817 2894 1018 2985 Allobrogico
1040 2909 1151 2962 contra
1173 2911 1294 2987 pugnat
1316 2899 1429 2964 unicus

364 3003 489 3068 Pseudo
522 3003 675 3068 Asconius
708 3016 737 3084 ⁵,
773 3005 829 3094 qui
860 3007 955 3072 tradit
984 3030 1057 3072 eum
1089 3031 1253 3075 censorem
1282 3012 1428 3077 struxisse

363 3116 519 3182 fornicem
554 3115 751 3195 Fabianum,
790 3117 876 3208 quod
911 3118 1087 3186 Scholiasta
1117 3121 1281 3187 Bobiensis
1312 3136 1325 3174 θ
1355 3146 1428 3189 eum

362 3244 540 3321 praetorem
561 3231 672 3295 iecisse
694 3231 826 3321 scripsit.
873 3232 957 3298 Fieri
982 3245 1087 3323 potest
1115 3247 1149 3299 ut
1174 3235 1326 3302 locaverit
1344 3237 1427 3302 illud

364 3368 458 3434 opus,
484 3345 536 3409 cui
557 3367 672 3409 nomen
693 3367 784 3409 suum
806 3343 910 3424 dedit,
936 3369 1044 3412 verum
1060 3371 1124 3412 non
1141 3371 1200 3438 ego
1216 3349 1327 3430 credo,
1352 3372 1429 3415 nam

362 3457 519 3522 fornicem
548 3457 641 3522 illum
661 3456 701 3522 de
728 3457 887 3522 manubiis
914 3460 940 3524 si
966 3460 1133 3539 exstruxit,
1157 3473 1192 3526 ut
1214 3460 1327 3528 Sacrae
1350 3463 1431 3529 Viae

363 3570 455 3635 fieret
484 3578 721 3646 ornamentum,
749 3582 821 3660 post
845 3571 1009 3636 victoriam
1035 3572 1169 3639 Romam
1194 3597 1335 3640 resersus
1359 3598 1429 3641 non

362 3683 468 3773 potuit
497 3680 579 3745 illud
608 3703 720 3746 censor
750 3681 869 3760 iacere,
903 3684 990 3774 quod
1015 3686 1040 3751 si
1062 3686 1209 3753 utilitatis
1230 3710 1323 3754 causa
1343 3704 1432 3757 esset

364 3793 566 3872 struendum,
583 3816 695 3860 censor
705 3795 853 3876 locasset,
870 3797 996 3887 opinor3
1012 3821 1098 3863 nunc
1110 3800 1265 3864 contraria
1282 3803 1362 3868 ratio
1374 3803 1431 3869 lo·

360 3932 434 3975 eum
447 3907 590 3987 obtinet,
607 3931 679 3973 nam
691 3921 762 3998 post
776 3913 815 3974 14
828 3934 926 3976 annos
937 3910 1066 3977 demum
1078 3912 1258 3993 accidisset,
1269 3917 1429 4006 perquod

361 4022 514 4112 temporis
534 4021 669 4111 spatium
689 4023 753 4088 duo
774 4023 871 4089 lustra
891 4024 1018 4090 condita
1041 4040 1132 4103 sunt3
1157 4049 1239 4117 quae
1257 4051 1359 4118 quum
1379 4031 1430 4095 ita

360 4135 437 4214 sint,
461 4135 546 4200 malo
571 4133 657 4200 hunc
685 4135 838 4204 honorem
861 4137 990 4204 Eburno
1015 4139 1192 4219 vindicare,
1225 4152 1311 4206 recte
1337 4143 1431 4209 enim

389 4338 409 4400 ¹l
427 4335 537 4402 Aquced.
559 4344 600 4389 96.
644 4338 664 4405 ²)
681 4342 720 4394 cf.
735 4343 796 4408 Cep.
809 4346 975 4410 xvddhuiue
984 4348 1069 4409 Libri,
1086 4363 1111 4412 p.
1130 4353 1190 4397 413.
1232 4342 1254 4414 ὅ)
1272 4344 1326 4395 Pro
1340 4343 1441 4401 Obana.

353 4425 477 4489 antris.
529 4423 691 4488 tivum.
745 4426 764 4496 ⁵)
783 4426 1206 4499 AdVerr.1.r§19‚p.1330r.
1259 4428 1440 4498 Μάγαν.

355 4513 368 4560 r
386 4510 576 4575 trenaee
597 4509 642 4562 Or.
