3210 5300
334 425 395 489 298
574 442 602 491 o.
623 435 726 482 rarius
747 439 775 488 o.
797 439 824 481 r.
845 439 874 488 o.
896 439 925 482 u.
945 437 1077 483 aturrus
1099 423 1174 506 (29).

383 619 430 685 Er
459 616 521 685 boc
544 617 688 683 Rulliani
710 615 797 681 dicto
818 615 965 705 sequitur
983 615 1113 682 Fabiam
1134 618 1167 683 in
1188 641 1286 684 mauu
1306 620 1403 708 patris

335 733 447 811 luisse,
464 732 557 822 atqui
572 732 699 797 nonnisi
718 754 777 820 per
795 753 885 794 usum
904 742 1038 818 nuptam
1056 730 1170 811 Atilio;
1187 735 1279 798 ouius
1295 745 1401 798 tamen

335 846 382 910 rei
411 845 593 935 exemplum
621 847 684 909 iam
704 843 737 908 id
756 844 909 933 temporis
928 843 1043 921 miror;
1067 842 1144 908 binc
1165 845 1250 911 malo
1276 846 1400 912 llalerio

336 957 396 1022 ista
424 957 523 1023 rerba
552 957 694 1022 tribuere
714 969 770 1021 aut
789 956 878 1023 illius
897 955 998 1034 fonti,
1020 978 1095 1022 uam
1116 957 1250 1024 Fabium
1270 959 1314 1024 sio
1332 983 1400 1026 esse

334 1070 498 1148 locutum,
533 1068 677 1136 nondum
706 1091 892 1159 persuasum
919 1067 1001 1133 mihi
1025 1082 1091 1147 est,
1116 1070 1176 1135 uisi
1195 1094 1270 1138 usus
1289 1072 1346 1138 ille
1364 1095 1401 1138 ex

334 1181 447 1249 ordine
473 1183 617 1273 plebeio,
639 1181 680 1248 ad
703 1204 799 1272 quem
829 1180 969 1248 Calatini
993 1183 1214 1275 pertinebant,
1236 1186 1400 1277 explican-

331 1295 392 1361 dus
416 1297 466 1362 sit.

723 1533 907 1607 CAPUT
942 1535 1004 1609 IV.

477 1697 620 1758 curuans
643 1694 760 1746 rarius
784 1697 814 1757 o.
839 1698 870 1746 r.
894 1697 923 1757 o.
950 1697 980 1745 rr.
1005 1698 1157 1746 narinus
1182 1680 1265 1770 (29).

697 1834 716 1917 §
745 1834 773 1896 1.
824 1829 1040 1922 Genealoga'c.

377 1984 583 2050 Pervenimus
604 1981 644 2047 ad
666 2005 740 2049 eum
761 1982 912 2061 Fabium,
936 2004 1033 2072 quem
1054 1982 1197 2049 medium
1214 1984 1297 2051 iuter
1316 1985 1399 2052 Gur-

327 2097 428 2187 gitem
449 2098 522 2185 (23)
539 2108 572 2163 et
589 2094 816 2163 Cunctatorem
835 2095 905 2183 (33)
925 2118 1038 2161 censeo
1052 2096 1273 2176 inserendum3
1287 2110 1398 2164 contra

331 2210 440 2276 Livius
464 2219 475 2257 ¹
498 2210 618 2299 aliique
637 2220 811 2299 posueruut
832 2207 1059 2275 Cunctatorem
1076 2208 1217 2274 Rulliani
1233 2222 1399 2300 nepotem,

332 2323 473 2413 Gurgitis
502 2322 624 2403 filium,
658 2322 735 2387 dum
765 2321 956 2388 Plutarchus
985 2332 998 2369 ²
1030 2343 1129 2387 uuum
1154 2345 1253 2412 genus
1272 2324 1398 2401 inserit,

332 2447 418 2502 recte
458 2434 609 2511 omuino,
648 2454 722 2497 uam
762 2430 938 2499 Cunctator
974 2432 1151 2498 honoribus
1184 2433 1314 2498 iunctus
1349 2447 1397 2500 est

332 2553 518 2625 521-545,
545 2545 601 2636 qui
621 2568 685 2609 non
715 2543 801 2610 tilius
832 2545 887 2612 sed
918 2569 1018 2638 nepos
1045 2546 1139 2612 luisse
1160 2559 1291 2638 apparet
1313 2547 1397 2613 Gur-

331 2663 424 2752 gitis,
456 2659 512 2748 qui
535 2656 671 2723 honores
699 2659 794 2747 gessit
817 2659 901 2724 iuter
927 2681 1026 2725 anuos
1056 2662 1276 2737 sotertes,
1298 2660 1398 2725 iuter-

331 2784 406 2839 suut
425 2770 512 2835 euim
533 2772 576 2834 60
596 2768 672 2832 anui
691 2770 748 2858 qui
767 2793 833 2835 rem
854 2770 1041 2836 conficiunt.

376 2882 412 2948 si
430 2882 495 2946 iam
514 2879 700 2946 Cunctatori
717 2884 906 2963 πρόπαππον
924 2882 1111 2949 Rullianum
1128 2884 1305 2973 posuimus,
1329 2908 1397 2952 me-

330 2996 421 3062 dium
440 2994 526 3060 inter
546 2991 711 3083 Gurgitem
731 3006 763 3059 et
783 2993 1010 3061 Cunctatorem
1031 2997 1100 3062 iure
1118 2995 1197 3062 mihi
1218 2996 1328 3063 rideor
1346 3021 1397 3064 re·

328 3131 455 3175 vocasse
485 3107 521 3191 Q
547 3106 682 3173 Fabium
711 3107 821 3187 illum,
851 3108 905 3198 qui
930 3131 1015 3173 anuo
1037 3113 1100 3176 487
1122 3108 1282 3175 aedilitius
1300 3111 1395 3177 fuisse

328 3223 437 3289 fertur.
484 3220 567 3309 Ergo
591 3220 651 3285 uisi
671 3232 781 3285 contra
804 3219 923 3310 legatos
943 3220 1165 3312 Apolloniates
1184 3222 1316 3312 publice
1335 3224 1392 3289 de·

328 3335 490 3426 liquisset,
511 3332 639 3397 functus
658 3344 740 3397 esset
756 3344 842 3397 serto
860 3356 944 3398 anno
959 3346 1031 3423 post
1048 3333 1215 3400 consulatu
1233 3336 1254 3401 i.
1266 3358 1294 3402 e.
1313 3339 1393 3414 493,

258 3523 266 3532 x
328 3449 384 3539 qui
410 3468 511 3512 annus
534 3445 660 3511 medius
677 3447 761 3511 iuter
782 3449 846 3512 462
866 3458 899 3511 et
920 3450 981 3512 521
1006 3448 1102 3538 patris
1129 3447 1254 3537 filiique
1274 3469 1393 3513 cousu-

327 3562 439 3628 latum.
465 3557 615 3625 Concedo
636 3571 742 3625 autem
762 3559 795 3623 iu
813 3559 850 3624 iis
868 3560 962 3639 locis,
987 3560 1042 3625 ubi
1059 3572 1253 3626 memoretur
1270 3572 1392 3639 noster,

327 3696 393 3740 non
424 3670 570 3738 additum
599 3695 666 3738 esse
696 3670 825 3737 Maximi
856 3695 1050 3763 cognomen,
1079 3673 1134 3741 sed
1157 3673 1308 3765 equidem
1327 3696 1390 3740 non

327 3788 456 3867 dubito,
480 3787 558 3877 quiu
579 3787 700 3877 Gurges
722 3783 785 3851 hoc
805 3786 835 3852 ei
857 3787 1034 3853 tradiderit.

660 3948 737 4031 §a
782 3945 917 4014 redata
943 3948 1005 4013 aar
1033 3956 1056 4011 ε.

372 4100 544 4165 versamur
563 4095 647 4161 eirca
666 4119 703 4162 ea
723 4109 884 4188 tempora,
907 4120 1008 4189 quum
1027 4108 1099 4187 post
1120 4096 1246 4163 linitum
1268 4097 1389 4177 bellum

329 4212 536 4281 Tarentinum
559 4208 718 4299 degebant
738 4210 874 4277 Romani
896 4212 929 4276 iu
949 4210 1068 4277 ultimis
1089 4208 1223 4299 lllaguae
1242 4209 1390 4276 Graeciae

355 4402 375 4471 ¹)
393 4401 484 4454 XXX.
503 4404 545 4451 26.
597 4396 623 4465 ²)
636 4398 698 4449 Fut.
717 4404 762 4450 24.
812 4396 834 4467 ὅ)
851 4401 907 4453 Lir.
925 4400 992 4466 Epit.
1010 4398 1077 4462 XV3
1095 4400 1155 4455 Val.
1173 4402 1246 4454 Max.
1257 4403 1306 4454 VI.
1324 4405 1350 4451 6.
1368 4404 1400 4461 5;

320 4491 371 4543 Dio
387 4488 457 4542 Cass.
475 4485 505 4536 tr.
524 4490 571 4546 ⁴23
589 4483 679 4539 Zonar.
698 4485 776 4536 vlu.
797 4489 820 4535 t.
1265 4521 1269 4528 .
