3210 5300
608 458 629 542 ς
649 458 675 521 1.
696 477 855 525 οοιιοιιιιιο.
1214 463 1271 524 301

249 657 399 744 Quaestio
420 667 467 724 cst
487 653 527 722 da
547 655 701 747 scriptura
726 653 821 723 huius
845 655 997 735 nominis,
1021 679 1095 724 nam
1115 657 1148 723 in
1169 657 1270 726 Fastis

202 770 461 837 »Verrucossus'⁸
490 769 622 860 legitur,
645 781 680 835 ut
709 767 896 835 Plutarchus
915 769 1124 850 Βεροθκωσσος
1157 769 1271 850 habet,

201 888 310 943 contra
336 876 427 942 Dio¹
457 899 516 968 per
543 898 639 942 unam
670 896 705 954 σ;
738 888 770 940 at
800 875 947 966 analogia
976 874 1205 943 adiectirorum
1234 880 1269 944 in

202 1014 296 1056 -osus
312 990 430 1068 obstat,
453 990 624 1080 quominus
642 989 731 1055 illam
751 988 940 1079 scripturam
956 1010 1142 1079 sequamur,
1166 991 1270 1082 suspi-

201 1124 258 1168 cor
279 1100 417 1192 priscam
440 1122 510 1165 cam
535 1122 610 1166 esse.

246 1215 344 1281 Porro
368 1212 511 1280 adhaesit
537 1212 636 1279 Fabio
657 1235 759 1304 puero
792 1211 951 1279 oviculae
973 1235 1129 1303 agnomen
1155 1237 1172 1279 a
1202 1214 1269 1281 cle-

199 1328 318 1395 mentia
345 1349 470 1393 morum
494 1338 518 1405 ²,
541 1327 576 1390 τὸ
593 1324 762 1407 προβότιον
789 1337 826 1391 ut
854 1325 899 1391 ait
918 1323 1108 1392 Plutarchus
1129 1337 1158 1406 ⁸3
1184 1326 1269 1394 unda

200 1442 226 1507 si
245 1439 367 1532 aliquid
386 1438 540 1517 deducas,
569 1460 635 1503 non
663 1438 786 1503 strenui
807 1437 945 1504 Romani
967 1436 1059 1503 nobis
1086 1437 1268 1507 inducimus

200 1554 386 1645 imaginem,
418 1551 471 1619 sed
499 1549 707 1642 languidioris
737 1550 876 1631 iuvenis,
901 1573 976 1618 narn
1004 1551 1055 1616 δνσὶ
1080 1552 1115 1618 τό
1139 1554 1270 1636 θσθχιον

200 1666 252 1732 sal
283 1664 437 1740 σιωπηλὸν
467 1665 520 1729 sci
553 1663 639 1742 μετόν
673 1670 794 1739 πολλοῖς
823 1663 997 1747 εὖλοοβεόοος
1026 1665 1086 1729 τῶν
1121 1666 1270 1732 ποοιδικῶν

199 1776 382 1856 ἁπτομένων
405 1778 514 1853 ἡδονῶν
539 1775 677 1858 βραδέως
703 1777 734 1841 δὲ
764 1775 817 1841 sal
844 1774 994 1850 διοιπόνως
1017 1776 1185 1858 δεχόμενον
1209 1780 1269 1853 τόις

198 1891 350 1971 μαθήσεις
380 1889 504 1956 εὔκολον
527 1889 558 1954 δὲ
583 1889 657 1971 πμδς
681 1889 752 1961 τοὺς
777 1889 915 1964 συνήθεις
938 1889 1106 1965 κοιτθιωον,
1130 1889 1270 1969 aldense-

198 2004 265 2085 ρθοις
292 2004 372 2075 τινός
399 2001 452 2067 xci
483 1999 664 2082 νωθρότητος
694 1998 836 2065 ὑπόνοιοιν
860 1994 931 2080 εἶχε
964 2000 1052 2081 ποιρόο
1078 2009 1143 2073 τοῖς
1168 2003 1268 2077 ἐντός.

200 2113 294 2182 Orile
320 2114 481 2206 ingenium
511 2111 681 2179 convenire
708 2110 835 2177 ridetur
860 2133 933 2177 curn
960 2113 1172 2179 cunctationis
1197 2114 1270 2182 lau-

201 2227 256 2308 da,
290 2226 344 2294 scd
374 2226 608 2316 aliquantulum
643 2223 832 2292 Plutarchus
863 2222 903 2290 dc
930 2246 988 2292 sco
1019 2247 1147 2292 causam
1181 2226 1270 2294 illius

201 2342 339 2410 nominis
358 2339 485 2408 videtur
494 2361 637 2419 ornasse,
654 2350 687 2405 et
702 2337 824 2405 ausisse
840 2337 930 2428 quod
948 2337 1034 2429 apud
1050 2338 1155 2405 alios⁴
1177 2339 1270 2408 inre·

200 2466 301 2523 ncrat.
336 2453 464 2521 Praeter
486 2452 651 2519 Aurelium
671 2455 785 2518 unicus
801 2462 849 2517 est
868 2448 963 2517 buius
986 2451 1152 2531 saltastis,
1172 2475 1269 2544 quam

202 2567 286 2635 unde
306 2566 453 2633 habuerit
474 2565 524 2632 vir
542 2564 693 2632 invenias.
739 2564 867 2631 Livium
889 2564 930 2631 de
950 2587 1039 2631 more
1058 2563 1179 2632 Graece
1201 2590 1271 2633 rer·

203 2681 257 2762 tit,
278 2681 366 2773 quod
382 2680 420 2747 ad
442 2679 534 2747 Fabii
555 2702 686 2770 quoquc
705 2679 800 2746 ritarn
822 2679 937 2745 attinet
956 2678 1271 2770 praetcrduoprims

200 2795 305 2886 capita
326 2807 358 2861 et
375 2817 495 2888 paucos
514 2792 668 2884 quosdam
687 2793 793 2873 locos,
817 2815 897 2884 quos
914 2792 967 2859 hic
988 2795 1063 2860 nolo
1081 2794 1270 2861 adscribere.

246 2907 392 2999 Denique
410 2905 471 2973 fuit
489 2918 598 2972 noster
617 2901 800 2971 Cunctator
816 2904 890 2984 ille,
914 2903 954 2971 dc
974 2928 1040 2996 quo
1060 2905 1271 2991 Ennianum⁵

202 3020 283 3102 illud
307 3043 404 3087 nemo
423 3019 537 3086 nescit:
1072 3090 1074 3098 Ι

294 3158 316 3199 »
327 3133 417 3200 Unus
437 3131 535 3199 horno
556 3131 648 3199 nobis
668 3130 848 3199 cunctando
868 3129 1007 3198 restituit
1026 3154 1109 3213 rcm3

293 3270 387 3312 »non
406 3244 548 3337 ponebat
568 3247 653 3312 enirn
675 3268 818 3312 rumores
838 3256 912 3311 anta
932 3243 1083 3323 salutam3

294 3383 399 3450 »ergo
416 3369 554 3451 postque
571 3358 736 3450 magisque
757 3358 816 3425 riri
835 3379 921 3424 nunc
939 3357 1040 3446 gloria
1060 3358 1190 3424 claret.”

250 3471 320 3558 Quo
340 3472 437 3538 modo
456 3471 664 3562 intelligenda
681 3474 721 3538 sit
739 3472 793 3538 illa
812 3471 977 3538 cunctatio
993 3469 1167 3538 admodum
1186 3473 1272 3540 ccle-

202 3586 310 3666 brata,
342 3608 399 3651 suo
432 3586 544 3653 locor
574 3585 768 3666 ridebimus,
801 3608 876 3651 narn
906 3582 969 3650 boc
990 3606 1120 3675 quoquc
1142 3586 1274 3653 nominc

201 3698 262 3765 sibi
283 3700 376 3764 nimis
392 3698 561 3765 indulsisse
589 3698 739 3766 ridentur
768 3698 906 3764 Romani
935 3709 1004 3763 tum
1032 3710 1164 3788 propter
1193 3699 1273 3765 belli

201 3824 372 3891 crenturn,
404 3814 491 3904 qnod
523 3813 614 3879 Fabii
644 3811 791 3904 auspiciis
818 3823 942 3903 gestum
967 3822 1015 3876 cst
1054 3822 1121 3878 turn
1141 3823 1274 3904 propter

204 3923 403 3992 venerandae
433 3927 630 4018 antiquitatis
661 3926 842 3992 Ennianum
874 3923 1102 4002 testimonium.
1148 3923 1277 3991 Noun-¹

205 4094 251 4170 Ἴ)
268 4106 312 4157 Fr.
332 4111 373 4157 ιο.
425 4102 446 4171 ²)
464 4107 529 4157 nur.
544 4108 614 4157 vioe.
631 4102 663 4156 V.
679 4102 702 4155 Ι.
721 4111 762 4156 ιο.
815 4101 835 4161 ⁵)
853 4103 915 4154 Fac.
935 4111 957 4156 1.
1011 4105 1032 4172 6)
1049 4107 1106 4157 Ltv.
1123 4107 1214 4158 xxx.
1231 4114 1277 4168 νος

192 4191 258 4244 San.
276 4190 306 4240 dc
323 4189 363 4240 ira
381 4192 403 4240 Ι.
425 4195 468 4252 11,
486 4189 516 4239 dc
533 4190 582 4238 ben
607 4192 656 4241 IV.
676 4194 717 4240 27.
770 4185 789 4254 ⁵)
808 4186 872 4240 Ana.
894 4189 951 4240 XII
968 4192 1035 4254 apud
1058 4190 1112 4242 Cic.
1130 4189 1160 4240 de
1181 4190 1231 4257 Off.
1254 4193 1278 4244 1.

193 4280 232 4326 24
249 4275 262 4340 θ
280 4280 327 4337 84,
350 4273 411 4325 Cato
429 4275 476 4340 45
498 4279 543 4335 10,
561 4273 596 4323 ad
612 4271 665 4324 An.
684 4275 720 4324 11.
742 4279 772 4323 19
793 4276 808 4338 §
826 4280 856 4334 2,
874 4275 941 4339 apud
957 4274 1014 4324 Liv.
1032 4274 1123 4325 XXX.
1143 4279 1190 4336 26,
1212 4278 1280 4343 apud

189 4359 308 4411 Macrob.
327 4355 381 4410 Sat.
399 4360 449 4411 VI.
472 4364 501 4419 l,
519 4360 593 4422 apud.
611 4358 683 4410 Serv.
701 4356 736 4407 od
752 4355 813 4408 Aen.
832 4358 882 4410 VI.
901 4362 965 4417 8485
983 4359 1056 4422 Virg.
1075 4355 1136 4411 Αονι.
1149 4361 1199 4411 VI.
1215 4364 1279 4421 848,

190 4441 273 4496 Ovio.
297 4443 368 4496 cht.
392 4445 428 4495 ΙΙ.
454 4448 519 4503 2423
542 4443 589 4494 sil.
614 4443 672 4494 Ital.
695 4443 744 4494 v1.
770 4446 835 4504 689„
857 4443 921 4495 VII.
944 4447 989 4502 10;
1011 4442 1081 4494 Flos.
1104 4444 1141 4494 11.
1162 4447 1177 4494 6
1198 4446 1213 4507 5
1231 4447 1279 4505 273

189 4528 285 4581 Frons.
303 4524 381 4580 Stant.
400 4531 422 4582 1.
441 4535 456 4579 ³
474 4528 488 4594 θ
507 4533 536 4589 s;
561 4527 625 4579 Aur.
643 4529 713 4582 Vict·
735 4523 800 4581 VJ.
828 4532 870 4579 4³.
923 4525 943 4595 ὅ)
961 4527 1000 4582 ef.
1020 4529 1060 4592 §8
1087 4529 1161 4580 huius
1178 4528 1280 4594 Capitis.
