3190 5304
180 430 236 512 §A
247 444 333 490 urnas
346 444 375 489 ιιι
386 440 549 490 bertacurt
562 445 672 495 arnseo
683 426 852 492 aee-687.
863 428 885 512 y
892 427 921 491 2.
932 445 1037 492 aureus
1046 448 1169 494 aaaron.
1189 428 1247 499 tet

185 645 245 714 que
268 622 474 689 Macedoniae
496 623 684 714 scripsisset,
715 622 755 689 ad
785 623 927 711 Illyrios,
961 625 1017 715 qui
1048 626 1158 691 Persea
1189 625 1246 690 ad-

188 736 325 815 iurerat,
364 759 397 802 se
432 736 541 815 rertit,
581 736 666 828 quod
697 738 876 827 negotium,
909 735 985 802 dum
1017 739 1085 828 ipse
1115 739 1250 829 Epirum

187 849 426 938 aggrederetur,
459 847 600 941 Scipioni
628 849 761 916 Nasicae
791 863 823 916 et
849 851 886 935 Q.
920 850 1128 917 Aemiliauo¹
1158 873 1248 918 corn·

187 963 290 1041 misit,
314 963 505 1054 quibuscum
526 975 635 1054 postea
663 987 696 1031 se
727 965 767 1030 ad
799 963 931 1031 Oricum
961 965 1112 1055 iungeret.
1160 964 1248 1032 llaec

188 1075 268 1141 sicut
279 1076 433 1166 imperata
445 1088 549 1156 erant,
567 1078 701 1169 perfecit
720 1076 884 1166 illyricum
903 1076 1128 1169 depopulatus,
1151 1089 1183 1144 et
1203 1079 1248 1143 sic

187 1187 321 1254 Romam
345 1212 486 1255 reversus
512 1202 558 1256 est
584 1191 744 1282 patrisque
764 1189 926 1283 triumpho
947 1202 1167 1258 oruamentum
1187 1190 1249 1257 suit

186 1311 257 1389 post
280 1301 366 1368 illius
389 1324 517 1370 currum
542 1302 664 1370 Urbem
689 1305 844 1395 ingressus
869 1314 896 1370 ²,

490 1489 509 1572 ξ
533 1488 563 1551 2.
609 1486 747 1555 Amims
768 1486 907 1575 Polybii
927 1498 951 1552 ⁸.

231 1638 355 1708 Interea
393 1643 543 1732 Polybius
579 1665 652 1709 cum
688 1641 820 1709 Achaeis
847 1642 911 1708 suis
943 1642 1078 1709 Romam
1106 1654 1249 1723 venerat,

185 1750 273 1841 quod
311 1752 456 1818 exsilium
490 1776 556 1819 non
591 1753 760 1844 attingam,
798 1755 859 1820 nisi
891 1752 978 1844 quod
1006 1754 1046 1819 ad
1077 1754 1248 1821 amicitiam

185 1866 301 1932 attinet
320 1865 581 1957 Megalopolitani
601 1887 674 1931 cum
691 1866 880 1933 Aemiliano.
928 1867 1081 1955 Polybius
1096 1890 1181 1933 auno
1196 1890 1250 1933 ae·

185 1977 258 2041 tatis
280 1975 552 2056 duodevicesimo,
569 1976 716 2041 notitiam
732 1979 888 2043 contraxit
906 2000 979 2044 cum
997 1976 1147 2068 Scipione
1163 1979 1249 2045 Airi-

183 2109 267 2153 cano
295 2087 419 2154 Minore
439 2112 474 2155 er
496 2112 553 2155 usu
575 2089 746 2168 librorum,
771 2089 847 2156 hinc
866 2091 987 2157 lactum
1007 2102 1069 2170 est,
1093 2103 1128 2157 ut
1148 2116 1249 2183 quum

182 2201 328 2292 hospites
345 2201 394 2266 illi
405 2201 524 2267 Achaei
544 2224 601 2292 per
619 2203 792 2293 municipia
812 2203 845 2268 in
862 2203 964 2268 libera
982 2202 1125 2273 custodia
1142 2203 1249 2271 distri·

181 2314 375 2393 buerantur,
406 2313 515 2405 Scipio
540 2316 671 2406 eiusque
698 2315 795 2381 irater
823 2315 1016 2382 Aemilianus
1036 2327 1145 2382 noster
1163 2318 1248 2409 apud

180 2439 365 2518 praetorem
395 2428 575 2509 effecerint,
609 2441 644 2493 ut
676 2428 797 2495 Rornae
823 2441 967 2495 maneret
993 2428 1155 2517 Polybius.
1202 2431 1249 2498 Ex

181 2564 248 2631 qua
269 2539 517 2606 Aemilianorum
535 2541 759 2608 intercessione
774 2565 905 2631 magnos
922 2541 1112 2607 redundasse
1126 2541 1249 2609 fructus

178 2654 214 2718 in
238 2652 367 2740 Polybii
389 2653 429 2718 de
446 2653 541 2720 rebus
557 2654 709 2721 Romanis
725 2654 890 2721 scientiam
905 2667 1001 2746 atque
1018 2655 1165 2721 notitiam
1183 2679 1248 2722 non

179 2777 230 2831 est
256 2765 345 2856 quod
370 2765 484 2833 dicam.

228 2879 308 2944 Erat
338 2878 535 2945 Aemilianus
560 2892 668 2947 noster
690 2881 804 2948 litteris
828 2880 957 2950 Graecis
977 2902 1015 2947 ac
1033 2879 1154 2948 Latinis
1175 2905 1249 2948 eru-

179 2990 288 3070 ditus,
321 3003 356 3056 ut
386 2991 498 3058 Cicero
529 3006 541 3043 ⁴
571 2991 665 3058 nobis
687 2994 802 3072 tradit,
825 2993 912 3084 quod
932 2993 1027 3060 facile
1044 2996 1250 3086 intelligitur,

177 3117 254 3169 turn
277 3115 407 3196 propter
428 3104 663 3195 expeditionem
684 3106 715 3171 in
739 3106 903 3172 Graeciam
924 3107 975 3172 cui
996 3107 1157 3187 interfuit,
1181 3120 1249 3174 tum

175 3228 316 3308 propter
346 3217 609 3284 consuetudinem
641 3241 714 3284 cum
746 3219 895 3308 Polybio;
926 3219 1048 3310 saepius
1073 3220 1159 3286 enim
1184 3220 1250 3287 duo

176 3331 232 3395 illi
255 3329 393 3395 Romani
414 3329 603 3397 excultiores
619 3330 755 3420 Polybio
773 3332 960 3410 adfuerunt,
984 3344 1019 3396 ut
1037 3333 1101 3422 ipse
1117 3343 1250 3399 testatur

175 3442 488 3533 Megalopolitanus,
522 3442 577 3508 ubi
602 3443 726 3509 inducit
751 3442 932 3535 Scipionem
953 3457 1116 3534 rogantem
1138 3442 1194 3511 our
1215 3446 1250 3513 iu

177 3557 338 3623 conuiuiis
356 3557 448 3648 plura
469 3556 586 3623 soleret
612 3579 686 3623 cum
703 3557 803 3622 Fabio
834 3580 930 3648 quam
957 3581 1064 3624 secum
1091 3559 1257 3650 colloqui,

175 3671 235 3736 cui
258 3667 409 3756 Polybius
431 3693 464 3734 se
482 3668 563 3734 illud
585 3667 688 3734 facere
713 3667 875 3758 respondit
901 3670 952 3733 brol
976 3670 1010 3733 ab
1040 3669 1250 3751 πρεσβύτεροι

173 3783 263 3852 εἶναι
287 3784 340 3848 τὸν
363 3784 519 3866 ἀδελφὸν,
548 3781 578 3847 ἓν
601 3806 637 3847 τε
659 3791 731 3853 ταῖς
755 3783 892 3861 ὁμιλίαις
918 3781 1059 3863 elegeraut
1084 3782 1142 3845 ἀπ’
1168 3783 1248 3848 ἐκεί·

174 3922 230 3963 νου
255 3895 308 3960 aorl
330 3896 418 3973 λήγιι
442 3895 539 3961 πάλιν
564 3897 607 3968 εἰς
632 3896 744 3959 ἐκεῖνον
767 3892 798 3958 ἔν
823 3918 860 3958 τε
884 3903 956 3966 roais
985 3892 1170 3975 ἀποφάσεσι
1194 3896 1247 3960 καὶ

172 4008 413 4089 συμβουλίαις,
443 4008 495 4072 καὶ
527 4008 599 4089 πρὸς
631 4008 742 4071 ἐκεῖνον
766 4005 985 4087 sassabasar,
1010 4006 1102 4070 δοκῶν
1130 4006 1182 4071 aad
1213 4009 1249 4073 σὲ

173 4119 238 4198 τ’ἧς
258 4123 357 4194 αὐτῆς
371 4119 520 4200 μετέχειν
536 4121 672 4199 γνώμης.
718 4117 802 4185 llinc
819 4117 914 4183 facile
935 4118 1063 4184 credere
1083 4142 1250 4211 possumus

177 4379 229 4455 ¹¹)
250 4390 310 4443 Lir.
330 4391 416 4444 XLV.
441 4397 483 4442 33.
543 4389 563 4457 ²)
580 4392 637 4444 Lir.
655 4391 740 4445 XLV.
761 4397 803 4442 to.
856 4387 876 4459 ὅ)
893 4390 983 4455 Polyb.
1007 4390 1126 4445 xxxu.
1154 4400 1185 4456 tl,
1216 4399 1256 4444 to.

163 4479 187 4546 ε)
208 4474 292 4527 Brut.
311 4481 343 4527 ae
363 4466 378 4540 ξ
399 4477 455 4526 ror.

347 4684 361 4718 A
