3210 5300
318 434 379 497 280
460 455 487 503 a.
511 452 611 495 raarns
633 453 664 496 n.
686 453 713 496 r.
736 452 763 495 n.
785 451 813 496 n.
835 452 968 495 narinus
991 452 1153 496 nururanns
1173 433 1248 516 (17).

327 629 508 717 Ariminum
535 630 694 696 Etruriam
713 629 876 708 intrasset,
902 641 936 693 ut
957 626 1120 694 Haalrhius
1141 629 1305 718 opinatur,
1329 651 1390 694 neo

328 743 568 832 provocandum
590 743 695 808 estad
716 742 959 834 hypotheticum
988 743 1142 832 oppidum
1164 741 1306 807 eiusdem
1332 740 1407 807 Ga·-

328 880 431 934 mars,
453 857 540 946 quod
565 857 671 922 coloni
696 855 818 922 Clusini
842 855 1069 923 condidissent.

373 968 447 1035 Non
475 981 598 1034 tantum
620 968 707 1059 quod
729 968 769 1033 ad
791 968 899 1035 locum
921 990 1046 1057 pugnae
1066 967 1198 1043 attinet,
1222 965 1394 1053 Polybium

328 1104 461 1171 sequor,
487 1105 596 1147 rerum
615 1095 719 1147 cetera
739 1104 869 1172 quoqne
886 1080 1064 1171 arripienda
1081 1078 1393 1158 ridentu13'Samni-

329 1206 376 1260 tes
388 1193 538 1260 etGallos
554 1195 752 1260 coniunctim
770 1218 928 1284 aggressos
945 1217 1011 1259 csse
1027 1194 1204 1258 Romanam
1220 1193 1396 1282 legionem.

328 1329 426 1397 quae,
460 1320 495 1372 ut
524 1320 570 1373 est
593 1307 679 1397 apud
701 1307 827 1373 livium
849 1331 866 1372 a
889 1319 976 1396 tergo
995 1319 1091 1396 atque
1110 1307 1143 1370 in
1162 1304 1268 1371 medio
1289 1327 1397 1383 caesa,

328 1420 469 1510 denique
502 1433 567 1485 tota
595 1420 810 1486 circumventa
837 1433 884 1485 est
912 1431 943 1485 et
970 1418 1093 1498 deleta,
1117 1421 1161 1483 ita
1182 1430 1277 1483 utne
1296 1418 1397 1483 cladis

327 1532 460 1597 nuntius
486 1543 677 1622 superesset,
711 1533 803 1597 cuius
831 1531 969 1597 Romani
993 1532 1121 1598 tandem
1149 1532 1298 1597 certiores
1319 1531 1396 1596 lacti

328 1657 421 1722 sunt,
444 1667 544 1734 quum
569 1644 734 1712 Gallorum
756 1645 879 1735 equites
900 1644 1019 1709 lanceis
1040 1644 1145 1734 capita
1164 1665 1327 1708 caesorum
1345 1644 1396 1708 in·

330 1758 390 1822 lixa
410 1769 568 1847 gestantes
590 1758 893 1848 appropinquarent.
918 1757 1036 1823 Verum
1054 1756 1133 1821 haec
1147 1757 1232 1821 fama
1250 1756 1399 1846 aliquan·

330 1870 430 1959 tisper
450 1881 542 1933 aucta
564 1881 630 1946 est,
654 1893 727 1935 nam
749 1870 799 1935 rel
816 1868 974 1960 Scipionis
991 1868 1120 1935 historia
1138 1869 1290 1960 impedit,
1314 1891 1397 1959 quo-

330 1983 437 2047 minus
468 2005 539 2048 rera
568 1982 631 2046 sint
658 1981 728 2047 ista.
782 1981 866 2062 dlii,
888 1983 978 2047 addit
996 1983 1120 2060 Livius,
1144 1982 1284 2048 Umbros
1303 1981 1400 2046 luisse

330 2117 396 2163 non
428 2095 534 2160 Gallos
563 2095 710 2173 tradunt,
734 2117 793 2160 nec
820 2108 943 2161 tantum
966 2095 1065 2160 cladis
1084 2107 1271 2185 acceptum,
1294 2094 1399 2184 pabu-

330 2206 447 2272 latores
469 2219 591 2273 tautum
611 2208 864 2288 circumuentos,
891 2208 1007 2298 quibus
1028 2207 1136 2298 Scipio
1156 2208 1318 2286 subvenit,
1342 2207 1398 2296 qui

331 2319 473 2385 Umbros
501 2319 578 2384 istos
608 2320 683 2386 vicit
714 2321 817 2411 iisque
846 2321 994 2411 praedam
1025 2320 1161 2399 ademit;
1192 2319 1244 2384 hic
1271 2341 1401 2409 quoque

331 2444 484 2500 »mutato
512 2434 642 2501 nornine
672 2432 781 2499 fabula
809 2438 990 2515 narratur,'’
1020 2447 1055 2499 ut
1080 2447 1126 2500 est
1151 2433 1236 2525 apud
1260 2438 1401 2523 potitam.

376 2545 476 2611 Recte
493 2544 601 2610 Livius
613 2545 673 2613 hoc
685 2548 820 2636 respuit,
838 2560 868 2613 et
881 2570 952 2612 rere
973 2548 1104 2613 omnino
1123 2546 1302 2636 subiungit:
1328 2545 1401 2610 »si-

331 2658 441 2724 milius
469 2681 543 2723 roro
572 2671 637 2736 est,
666 2683 684 2723 a
712 2659 806 2725 Gallo
825 2659 917 2726 hoste
936 2684 1031 2751 quam
1058 2660 1182 2726 Umbro
1202 2659 1328 2725 cladem
1348 2681 1403 2723 ac·

335 2782 476 2859 ceptam,
501 2791 602 2859 quum
623 2793 662 2834 eo
684 2795 767 2836 anno
790 2771 906 2837 Gallici
924 2774 1080 2839 tumultus
1097 2773 1285 2863 praecipuus
1304 2785 1405 2837 terror
1476 2773 1481 2785 “

335 2881 496 2947 civitatem
528 2883 661 2948 tenuit.'’
708 2884 870 2974 Equidem
896 2898 1027 2977 propter
1050 2886 1112 2951 hoc
1138 2899 1170 2951 et
1191 2885 1403 2973 Polybianum

335 2994 551 3060 testimonium
584 2996 745 3062 contendo
774 3021 791 3062 a
824 2999 925 3065 Gallis
947 2999 1127 3089 Scipionem
1148 2998 1209 3063 hac
1226 2998 1318 3064 clade
1337 3020 1405 3064 esse

338 3107 503 3186 affectum,
524 3107 716 3197 quibuscum
736 3110 850 3199 procul
872 3109 971 3174 dubio
988 3110 1102 3176 Umbri
1123 3122 1213 3175 erant
1232 3109 1349 3187 iuncti,
1371 3109 1404 3173 in

339 3244 476 3311 quorum
507 3233 591 3287 terra
619 3221 700 3286 illud
731 3222 861 3300 accidit,
891 3245 1017 3288 necnon
1043 3221 1216 3300 Samnites,
1245 3223 1302 3312 qui
1321 3224 1416 3290 circa·

338 3334 416 3399 haec
448 3347 589 3424 tempora
622 3335 654 3398 in
687 3336 814 3400 Etruria
846 3348 879 3399 et
912 3336 1042 3402 Umbria
1072 3336 1192 3426 degisse
1222 3335 1405 3414 traduntur,

340 3470 478 3538 quorum
509 3448 632 3512 monitu
662 3448 774 3514 saltem
805 3447 890 3514 Galli
916 3473 1001 3514 arma
1025 3461 1132 3515 contra
1155 3449 1316 3514 Romanos
1336 3472 1407 3514 sus-

342 3571 499 3651 ceperant.
524 3561 731 3626 Pabulatores
749 3573 872 3627 tantum
890 3562 1121 3628 circumventos
1136 3585 1201 3628 csse
1218 3586 1282 3626 nou
1295 3562 1406 3640 credo,

342 3698 414 3739 nam
442 3675 501 3740 ista
525 3675 609 3741 fama
631 3675 664 3739 in
689 3673 775 3739 hunc
804 3675 937 3740 modum
965 3676 1095 3742 distorta
1127 3689 1187 3754 est,
1222 3699 1285 3767 quo
1307 3675 1408 3740 cladis

343 3787 482 3855 dedecus
518 3788 716 3852 minueretur
744 3800 776 3853 et
800 3811 865 3878 quo
893 3789 1019 3855 facilius
1051 3789 1227 3855 traderetur
1249 3789 1410 3878 Scipionis

343 3902 462 3966 milites
492 3924 545 3965 eos
574 3901 725 3968 devicisse
752 3913 783 3967 ct
811 3903 928 3992 praeda
956 3904 1076 3994 potitos
1106 3926 1182 3968 esse.
1241 3901 1406 3968 Gallorum

347 4015 445 4080 virtus
463 4012 722 4103 Samnitiumque
739 4016 886 4094 societas,
903 4039 1028 4082 necnon
1044 4030 1187 4107 tempora
1207 4015 1313 4081 omnia
1330 4014 1409 4082 mihi

347 4127 559 4219 persuadent,
588 4139 624 4192 ut
650 4127 777 4195 credam
802 4130 892 4195 illam
912 4131 1069 4219 legionem
1091 4130 1159 4195 illic
1179 4128 1315 4206 stetisse,
1340 4139 1408 4192 tum

348 4239 387 4305 ad
417 4240 553 4306 reditum
582 4241 749 4307 consulum
777 4242 951 4321 tuendum,
983 4243 1008 4308 si
1038 4266 1116 4333 opus
1146 4255 1240 4326 essct,
1271 4254 1340 4307 tum
1370 4239 1409 4306 ad

349 4351 507 4418 Samnites
526 4377 544 4418 a
568 4352 667 4419 Gallis
686 4355 910 4446 seiungendos3
936 4356 1082 4423 consules
1100 4356 1211 4423 saltem
1231 4354 1317 4420 haud
1335 4377 1409 4445 pro·

350 4466 403 4532 cul
435 4466 573 4534 abluisse
604 4467 782 4539 traduntur.
829 4470 870 4536 ΗΞ
892 4472 1056 4562 copiarum
1071 4471 1411 4540 motusfacillimein·
