3194 5302
254 454 557 510 unumunurm.
571 436 795 522 vrascrrusur).
825 438 885 522 52.
897 454 1005 502 consue
1017 442 1043 504 Ι.
1054 439 1123 503 287.
1183 439 1223 502 57

494 636 512 719 §
537 636 567 698 2.
618 630 744 699 donar
764 629 789 696 r.
813 635 887 698 2s7.

413 777 440 842 Q.
456 776 557 825 rietus
576 778 604 827 tr.
624 777 647 826 r.
666 777 694 826 rt.
714 775 741 825 rt.
761 775 955 826 tremiscet.

412 868 450 918 τι.
469 867 604 917 inuictus
622 866 773 916 erusteus
793 867 825 917 rt.

205 979 298 1046 duno
328 992 400 1047 ante
427 992 555 1073 captum
576 992 643 1047 erat
664 978 704 1046 de
726 979 847 1047 Volscis
871 980 1018 1060 Antium,
1048 1004 1144 1072 quam
1166 1002 1221 1045 ur·

42 1132 43 1177 1
159 1091 228 1159 bern
249 1093 440 1160 maritimam
461 1106 496 1160 nt
519 1092 601 1160 bene
621 1103 767 1159 tenerent
788 1093 942 1172 Romani,
964 1093 1122 1159 coloniam
1143 1093 1222 1158 illuc

42 1198 43 1207 ’
159 1204 315 1271 deducere
335 1206 457 1297 placuit
476 1205 538 1271 hoc
557 1228 641 1271 enno
664 1213 693 1284 ²,
713 1227 772 1271 aec
793 1205 885 1271 aliter
908 1205 1044 1272 Romani
1064 1204 1220 1273 solebant.

162 1316 261 1400 Quam
291 1340 358 1384 rem
387 1317 528 1384 historici
557 1340 631 1384 cum
660 1318 761 1385 turbis
788 1319 866 1410 legis
890 1311 1028 1410 agrariae
1048 1321 1222 1387 coniunxe-

160 1443 247 1510 runt,
282 1430 326 1495 ita
354 1442 388 1495 ut
419 1442 506 1496 atrox
535 1445 695 1497 certamen
727 1429 823 1496 luisse
845 1430 1043 1522 scripserint,
1072 1431 1113 1497 de
1135 1454 1223 1497 more

160 1541 342 1633 supplentes
372 1543 506 1609 alterum
538 1543 704 1608 consulem
736 1542 872 1609 tribunis
903 1544 998 1611 luisse
1025 1544 1224 1623 adiutorem,

158 1667 261 1747 patres
282 1666 313 1720 et
339 1678 532 1745 possessores
558 1642 624 1746 agri
645 1655 810 1735 restitisse,
838 1656 976 1748 denique
999 1656 1134 1722 Fabium
1155 1679 1223 1722 rem

160 1767 366 1858 expedivisse,
385 1780 418 1833 et
440 1768 570 1833 Antium
592 1766 750 1834 coloniam
772 1767 942 1835 deductam
963 1793 981 1835 a
1002 1768 1036 1836 Τ.
1058 1767 1224 1853 Quinctio,

161 1879 210 1944 cui
229 1904 262 1946 se
280 1879 462 1960 dediderat,
481 1881 517 1946 A.
538 1878 681 1969 Virginis
705 1893 737 1946 et
758 1880 792 1947 P.
810 1881 918 1949 Furio.
968 1882 1116 1948 Attamen
1138 1879 1224 1946 haud

161 1993 222 2058 scio
252 2017 294 2058 en
324 1993 450 2060 colonia
478 1993 623 2058 militaris
651 2016 766 2085 magno
795 1993 965 2060 commodo
992 2016 1059 2059 esse
1083 1993 1225 2085 potuerit

160 2105 266 2195 plebi,
297 2128 379 2196 quae
401 2127 511 2195 agrum
534 2104 593 2171 sibi
614 2104 816 2196 postulabam
838 2105 996 2197 quidquid
1016 2118 1081 2185 est,
1113 2127 1224 2172 rerum

42 2220 44 2247 ²
160 2241 224 2285 esse
253 2218 366 2309 nequit
393 2216 479 2307 qnod
502 2216 610 2283 Lirius
630 2217 708 2308 legis
729 2219 868 2308 agrariae
890 2241 961 2283 osor
983 2216 1091 2298 addit,
1117 2218 1224 2284 statim

160 2331 282 2422 copiam
303 2330 466 2395 fastidium
486 2329 617 2409 iecisse,
637 2342 668 2395 et
687 2329 766 2396 adeo
785 2353 905 2421 paucos
924 2331 1053 2396 nomina
1073 2329 1148 2396 dare
1168 2355 1224 2397 ro·

160 2444 267 2523 luisse,
289 2456 325 2508 ut
345 2443 383 2508 ad
405 2441 597 2533 explendum
621 2465 788 2508 numerum
812 2443 920 2509 coloni
941 2443 1048 2511 Volsci
1068 2442 1225 2509 adderen-

161 2569 218 2622 tur.
269 2555 400 2620 Antium
428 2555 514 2621 enim
541 2554 581 2621 de
603 2554 726 2621 Volscis
747 2568 813 2621 erat
835 2570 984 2648 captum,
1014 2558 1085 2647 quis
1108 2578 1225 2646 quaeso

162 2668 268 2735 credet
296 2668 379 2735 inter
403 2668 536 2745 milites,
557 2669 614 2757 qui
635 2667 795 2734 coloniam
816 2668 965 2735 adsersus
985 2668 1043 2734 bos
1064 2669 1147 2760 ipsos
1169 2667 1227 2736 de·

161 2782 344 2859 fenderent,
372 2780 504 2846 Volscos
524 2780 630 2846 inisse.
678 2780 797 2847 Verum
816 2804 865 2847 res
885 2784 982 2873 paulo
1002 2782 1095 2847 aliter
1114 2804 1146 2847 se
1168 2781 1227 2847 ha·

161 2895 248 2974 buit,
278 2893 448 2982 Dionysius
477 2893 564 2959 enim
594 2892 691 2958 tradit
717 2917 754 2959 er
780 2893 901 2960 Latinis
927 2907 959 2961 et
979 2893 1125 2960 Hernicis
1143 2915 1227 2958 non-

160 3008 265 3073 nullos
295 3005 417 3073 dedisse
448 3007 577 3072 nomina
607 3005 645 3071 ad
678 3028 847 3073 numerum
870 3006 1063 3097 explendum
1084 3018 1227 3071 trecena-

160 3121 261 3199 rium;
281 3131 313 3185 et
329 3141 436 3184 rerera
452 3117 650 3184 itaaccidere
670 3117 797 3198 debuit,
818 3143 882 3184 non
903 3121 988 3185 enim
1008 3118 1067 3184 soli
1089 3118 1227 3183 Romani

161 3234 273 3301 urbem
295 3232 384 3297 illam
402 3243 671 3322 expugnaverant,
692 3232 747 3297 sed
768 3232 873 3298 Latini
889 3244 921 3298 et
941 3232 1089 3311 Hernici,
1108 3229 1227 3320 quibus

162 3347 237 3411 socii
264 3355 354 3410 erant
375 3344 526 3421 Romani,
555 3366 630 3433 ergo
649 3356 740 3434 capta
761 3343 841 3410 urbe
859 3345 1002 3436 aequitas
1024 3341 1227 3434 postulabat,

163 3470 197 3522 ut
223 3457 332 3524 coloni
357 3456 570 3522 scriberentur
594 3479 632 3522 ex
651 3456 715 3522 illis
736 3480 866 3549 quoque
884 3458 1029 3549 populis3
1052 3457 1097 3521 ita
1117 3467 1152 3520 ut
1172 3454 1228 3519 Li-

163 3572 229 3636 rius
248 3571 332 3636 male
352 3593 416 3636 rem
439 3569 596 3661 accepisse
617 3570 793 3636 censendus
814 3571 870 3649 sit,
901 3572 954 3637 ubi
979 3569 1088 3637 scribit
1108 3589 1228 3658 paucos

163 3684 298 3750 voluisse
328 3683 457 3748 Antium
485 3683 663 3772 proficisci,
693 3706 766 3749 nam
795 3682 906 3775 paucis
934 3696 1059 3749 tantum
1090 3679 1228 3760 licebat,

164 3809 290 3862 eentum
312 3795 460 3875 fortasse,
479 3794 556 3861 dum
576 3817 613 3860 ex
631 3795 753 3886 vulgari
772 3797 934 3874 instituto,
954 3795 1088 3886 quodes
1105 3794 1151 3858 rei
1170 3815 1228 3857 na·

166 3919 233 3974 tura
252 3909 411 4000 sequitur,
430 3907 498 3974 aliis
518 3929 647 3998 quoque
666 3908 715 3972 ius
736 3921 802 3974 erat
820 3907 980 3975 condendi
1001 3904 1148 3984 Antium,
1171 3907 1227 3996 qui

167 4020 196 4086 ia
216 4021 368 4114 capienda
388 4022 468 4089 urbe
490 4044 583 4114 opem
603 4020 752 4088 tulerant.

197 4321 216 4389 ¹)
237 4326 304 4377 uass.
331 4325 393 4393 cap.
413 4330 473 4387 sss,
493 4331 557 4386 som
580 4327 638 4377 Liv.
658 4327 710 4376 111.
733 4331 743 4375 1
754 4349 761 4385 ;
785 4321 1237 4381 Dion.Ha1.1x.5s;Dioa.sic.

165 4405 210 4458 XI.
234 4413 278 4471 '543
302 4411 427 4472 Cassiod.;
451 4412 505 4463 An.
528 4413 601 4472 Nor.;
622 4413 690 4464 Fert.
709 4410 760 4462 Sic.
848 4405 868 4475 ²)
886 4408 943 4460 Lis.
962 4409 1014 4460 111.
1035 4411 1046 4456 1
1056 4428 1063 4467 ς
1082 4406 1156 4458 Dion.
1175 4405 1237 4459 Hel.

166 4491 213 4543 IX.
231 4499 271 4546 59.
