3190 5304
591 457 613 541 5
636 459 663 521 1.
684 476 793 521 consuo
815 459 886 521 612.
1214 430 1271 524 «101

242 654 421 722 Petaraios
441 652 594 720 naturalis
613 652 745 721 luitCn.
758 653 911 721 Seruilius
931 652 989 722 Gn.
1010 654 1034 722 i.
1054 653 1111 722 Cn.
1132 677 1163 721 u.
1184 652 1265 721 Gae-

194 769 248 860 pio
268 769 342 835 anni
355 774 419 837 585
432 768 560 846 consul,
586 768 641 858 qui
661 780 786 858 praeter
806 780 949 834 nostrum
970 765 1113 834 Gnaeum
1133 790 1264 859 quoqne

194 880 308 951 habuit
329 882 431 949 filium
449 893 528 949 natu
547 881 716 961 maiorem,
739 881 866 972 opinor,
890 881 1013 948 etiarnsi
1032 892 1105 973 post
1126 881 1262 949 Fabium

193 992 363 1061 consulatu
386 993 516 1059 functus
539 1001 598 1058 est.

236 1104 448 1175 Serviliano¹
480 1104 611 1173 obvenit
639 1104 762 1173 bellum
785 1102 1013 1183 Viriathieum,
1045 1103 1135 1195 quod
1165 1104 1262 1173 modo

182 1213 329 1289 ¹uidimus
355 1219 488 1287 fratrem
515 1219 584 1287 eius
609 1240 667 1308 per
696 1217 861 1287 biennium
892 1229 1055 1308 gerentem
1077 1229 1131 1285 aut
1151 1218 1259 1309 potius

191 1330 384 1411 trahentem3
404 1332 437 1399 in
456 1330 543 1399 illins
562 1330 671 1399 locum
685 1354 769 1396 anno
785 1334 848 1396 611
870 1341 984 1397 neuter
1001 1329 1169 1399 consulum
1186 1352 1260 1397 sno·

191 1445 298 1522 cessit,
322 1467 394 1513 num
421 1443 503 1535 App.
533 1442 685 1513 Claudios
715 1442 862 1511 adversus
887 1442 1027 1511 Salassos
1059 1443 1166 1511 Gallos
1192 1467 1259 1511 rem

188 1559 298 1647 gessit,
320 1558 411 1625 onius
430 1558 552 1646 collega
575 1555 615 1640 Q.
631 1555 787 1625 Caecilius
802 1556 952 1627 Metellus
972 1556 1095 1624 bellum
1111 1557 1258 1624 Numan-

190 1669 294 1734 tinum
314 1669 466 1759 suscepit3
488 1679 597 1735 contra
619 1666 796 1737 Viriathum
815 1680 944 1759 praetor
959 1680 1085 1736 tautum
1106 1668 1143 1752 Q.
1163 1669 1260 1737 Pom-

188 1782 280 1872 peius
310 1780 411 1847 Aulus
440 1778 554 1845 missus
579 1800 646 1847 esse
679 1778 804 1846 uidetur
831 1792 856 1861 ²,
892 1779 978 1851 idem
1009 1780 1066 1849 ille
1091 1782 1147 1872 qui
1173 1804 1259 1849 anno

189 1894 285 1965 tertio
306 1903 379 1983 post
400 1891 511 1959 consol
533 1890 569 1975 Q.
588 1891 721 1961 Metello
740 1892 901 1959 successit.

234 2006 371 2073 Adversa
394 2004 520 2073 fortuna
540 2016 687 2095 expertus
706 2019 771 2075 erat
803 2003 939 2087 Quintus
964 2005 1036 2087 ille,
1061 2029 1134 2072 nam
1158 2006 1259 2073 Viria-

188 2119 263 2186 thus
282 2143 302 2185 a
322 2118 455 2187 Metello
476 2117 575 2185 uictus
593 2116 633 2183 ad
653 2128 796 2184 montem
812 2116 942 2183 Veneris
961 2118 1071 2199 rediit,
1091 2118 1147 2185 sed
1167 2119 1260 2208 faga·

189 2233 234 2301 vit
251 2255 324 2299 eum
341 2233 512 2323 rapuitque
530 2231 598 2297 eius
617 2232 720 2320 signa,
740 2230 936 2322 praesidium
955 2254 994 2297 er
1010 2230 1099 2297 ltuoa
1120 2234 1257 2323 expulit,

187 2345 400 2438 depopulatos
428 2357 543 2411 terram
569 2345 824 2426 Bastitanorom,
848 2343 925 2411 dum
946 2344 1094 2411 Metellus
1112 2369 1130 2411 a
1151 2345 1258 2413 medio

187 2472 342 2529 autumno
363 2456 532 2526 Cordubae
552 2457 585 2522 in
609 2456 752 2523 hibernis
774 2456 921 2546 degebat.

231 2571 426 2640 Seruilianus
448 2582 460 2619 ³
480 2569 585 2639 molto
605 2571 720 2639 melius
742 2593 807 2636 rem
828 2593 990 2662 aggressus
1010 2585 1056 2640 est
1073 2594 1146 2639 cum
1166 2572 1257 2638 noris

185 2687 285 2778 copiis
317 2688 425 2755 10000
453 2684 600 2776 peditum
631 2695 664 2749 et
698 2687 785 2751 1600
819 2685 965 2775 equitum
995 2686 1029 2750 in
1058 2685 1257 2753 Lusitaniam

185 2797 339 2876 traiectis,
358 2797 487 2886 negotio
503 2795 578 2863 dato
594 2795 744 2886 Micipsae
761 2796 828 2884 regi
843 2794 1030 2876 Numidiae,
1050 2808 1086 2862 ut
1100 2796 1256 2888 elephan-

185 2924 233 2978 tes
251 2910 462 2976 submitteret.
496 2907 659 2977 Viriathus
676 2909 782 2977 statim
802 2931 917 2998 magno
935 2910 1095 2979 concitato
1116 2910 1255 2979 clamore

185 3045 259 3089 eum
280 3020 319 3089 ad
340 3018 498 3110 proelium
524 3019 685 3100 incitavit,
709 3020 847 3087 Romani
866 3021 913 3093 nil
932 3033 1109 3088 metuentes
1130 3021 1256 3095 hostem

183 3145 403 3213 removendum
427 3154 526 3224 quum
556 3156 631 3199 aero
659 3156 695 3200 ex
726 3133 832 3199 Africa
860 3137 901 3201 10
930 3133 1115 3224 elephantes
1136 3148 1168 3202 et
1186 3140 1253 3203 300

183 3247 308 3338 equites
336 3246 555 3326 aduenissent,
589 3246 702 3312 consul
731 3244 856 3313 hostem
886 3259 1131 3337 aggressusest,
1155 3271 1253 3338 quem

184 3360 270 3429 fodit
291 3373 387 3451 atque
405 3359 540 3449 fugarit,
560 3357 615 3424 sed
636 3356 676 3424 de
694 3381 783 3425 more
805 3358 937 3448 Hispani
952 3381 1026 3425 mor
1043 3383 1075 3426 se
1090 3373 1254 3427 verterunt

182 3485 215 3540 et
245 3474 404 3541 Romanos
435 3473 554 3563 absque
589 3471 700 3537 ordine
730 3473 865 3561 aggressi
895 3484 988 3552 sunt,
1024 3495 1160 3564 quorum
1192 3474 1253 3539 tria

184 3586 287 3653 millia
308 3585 505 3664 oeciderunt,
534 3586 647 3651 ceteris
677 3589 710 3651 in
742 3596 843 3650 castra
872 3583 1021 3665 redactis,
1044 3609 1125 3676 quae
1152 3609 1253 3677 quum

184 3697 348 3767 Viriathus
367 3698 546 3779 infestaret,
571 3697 763 3764 Seruilianus
784 3708 913 3762 coactus
933 3709 980 3762 cst
999 3701 1122 3767 Itucam
1151 3712 1252 3765 castra

182 3836 319 3883 morere.
368 3812 485 3880 Verum
514 3811 665 3878 frumenti
686 3809 795 3901 inopia
814 3833 889 3877 mox
908 3811 1012 3902 coegit
1033 3823 1045 3863 ⁴
1071 3811 1252 3879 Viriathum

180 3926 214 3993 iu
242 3928 428 3995 feraciorem
461 3925 645 4017 Hispaniam
674 3923 793 4004 redire3
825 3923 946 3989 interea
975 3937 1082 3991 noster
1104 3926 1249 4017 quinque

182 4039 364 4108 Lusitaniae
382 4040 476 4107 urbes
497 4041 597 4130 oepit,
616 4061 698 4131 quae
720 4058 793 4102 cum
807 4036 951 4103 Viriatho
973 4038 1125 4107 fecerant.

209 4342 229 4409 1)
246 4345 304 4394 Liv.
326 4345 393 4409 Epit.
409 4345 489 4404 LIII,
516 4344 680 4404 L1v;r10r.
705 4345 741 4394 11.
769 4347 798 4392 17
817 4343 830 4408 d
850 4342 973 4403 17;Va1.
997 4342 1068 4392 Max·
1095 4343 1130 4393 11.
1158 4347 1179 4394 7.
1208 4349 1252 4404 11;

167 4429 246 4481 Oros.
273 4431 308 4479 V.
334 4434 348 4478 1
356 4451 364 4488 t
390 4428 458 4494 App.
483 4426 559 4493 Hisp.
587 4431 703 4488 ‹tt—693
730 4428 804 4479 Diod.
831 4427 882 4478 sia
910 4426 1044 4479 XXXIII.
1070 4433 1092 4477 1.
1146 4425 1166 4494 ²)
1185 4428 1252 4493 App.

169 4511 250 4580 Hisp.
270 4517 319 4574 66,
338 4517 380 4563 68.
484 4509 505 4577 5)
524 4512 591 4578 App.
610 4510 685 4579 Hisp.
705 4516 746 4564 67.
850 4509 871 4578 ⁴)
888 4511 956 4576 App.
975 4509 1051 4577 Hisp.
1073 4517 1114 4562 68.
