3210 5300
340 416 401 478 343
480 431 634 483 o.rrn1us
656 432 684 481 o.
705 432 732 475 r.
755 428 783 480 c.
804 428 832 474 n.
853 428 985 474 anxians
1003 431 1173 477 cuncrtrou
1193 414 1269 497 (33).

348 608 525 690 audebant,
549 609 603 676 sed
622 608 738 675 infide
758 632 790 674 se
807 630 1027 699 permansuras
1043 608 1290 700 pollicebantur.
1324 610 1411 678 Con·

349 725 432 789 sules
458 724 505 789 nil
526 722 703 814 quidquam
729 722 841 787 ceteris
861 700 1080 811 obloquiausi
1099 734 1173 787 sunt
1193 745 1269 813 prae
1290 735 1414 813 tempo·

349 837 451 915 ribus,
476 837 518 901 ita
540 847 574 901 ut
605 835 631 900 si
659 833 749 900 Livio
775 833 900 913 credas,
925 834 1020 899 tacite
1040 835 1211 924 castigatae
1229 835 1299 902 sint.
1346 835 1416 900 lloc

349 948 500 1038 equidem
521 948 565 1012 sic
593 947 822 1036 intelligerem,
847 957 882 1010 ut
910 955 1027 1010 statuas
1054 968 1105 1010 eas
1124 957 1246 1034 partem
1266 946 1415 1036 stipendii

348 1062 507 1152 accepisse
537 1084 575 1126 er
603 1073 742 1150 quatuor
767 1059 834 1124 illis
861 1058 1003 1124 millibus
1032 1056 1142 1148 pondo
1163 1059 1248 1137 auri,
1271 1059 1413 1148 quae'ad

350 1175 480 1240 ultimos
509 1173 707 1264 reipublicae
731 1194 822 1239 casus
840 1172 876 1236 in
895 1169 1015 1238 aerario
1033 1170 1253 1251 servabantur,
1277 1185 1310 1237 et
1328 1175 1415 1237 nunc

351 1289 482 1355 demum
501 1300 664 1378 expromta
682 1309 749 1354 esse
766 1285 925 1379 feruutur.

398 1401 479 1466 Turn
503 1413 513 1450 1
545 1420 657 1465 census
687 1409 775 1463 actus
798 1410 844 1463 est
864 1396 1030 1485 lectusque
1050 1407 1190 1474 senatus,
1223 1409 1321 1486 atque
1340 1420 1415 1488 pro*

350 1514 473 1581 curavit
512 1511 676 1601 religiosus
708 1509 885 1578 Cunctator
917 1509 1062 1601 prodigia
1094 1508 1268 1576 maioribus
1304 1510 1414 1576 hostiis

350 1630 438 1692 iussu
459 1624 674 1702 sacerdotum,
698 1622 838 1715 denique
861 1622 998 1713 proiecti
1017 1634 1091 1688 sunt
1111 1622 1240 1687 Fulvius
1260 1622 1294 1687 in
1311 1621 1417 1689 Lnoa-

351 1740 439 1804 niam
470 1750 502 1803 et
529 1737 669 1802 Bruttios
698 1756 772 1802 cum
802 1728 926 1801 duabus
954 1735 1133 1825 legionibus
1151 1746 1183 1801 et
1200 1735 1318 1801 Fabius
1342 1759 1416 1802 cum

352 1851 485 1917 totidem
506 1849 606 1940 copiis
628 1848 816 1928 Tarentum,
837 1847 924 1938 quod
946 1860 982 1913 ut
1000 1848 1082 1913 mari
1100 1870 1229 1939 quoque
1250 1870 1416 1939 oppugna·

352 1976 454 2041 retur,
487 1968 531 2028 30
563 1962 809 2052 quinqueremes
837 1983 874 2026 er
904 1958 1014 2026 Sicilia
1044 1961 1075 2025 ei
1106 1959 1219 2025 missae
1249 1972 1334 2028 sunt.
1378 1961 1417 2027 ln

352 2075 487 2141 Bruttiis
508 2088 520 2125 ²
544 2073 699 2140 Caulonia
721 2072 845 2140 obsessa
873 2084 938 2150 est,
959 2084 996 2139 nt
1017 2073 1177 2139 Hannibal
1208 2073 1416 2154 detineretur,

351 2188 409 2280 qui
436 2186 476 2252 ad
506 2185 679 2254 Canusium
708 2200 818 2253 contra
844 2186 1031 2252 Marcellum
1054 2209 1091 2252 ex
1111 2184 1219 2252 Sicilia
1239 2189 1296 2278 qui
1317 2188 1417 2254 victor

353 2301 493 2382 redibat,
516 2301 668 2391 pugnavit
696 2301 784 2366 felici
814 2322 978 2378 successu,
1008 2322 1118 2366 verum
1150 2300 1243 2366 tertio
1271 2300 1324 2366 die
1346 2313 1417 2392 post

350 2414 511 2506 proelium
541 2414 743 2491 instaurarit,
769 2437 806 2479 ex
826 2435 891 2504 quo
909 2413 1086 2503 superiores
1105 2412 1243 2479 Romani
1268 2412 1419 2480 discesse·
1474 2440 1476 2443 ’

271 2545 273 2550 ·
351 2540 441 2606 rnnt;
475 2526 535 2591 luit
560 2525 642 2591 illud
670 2517 859 2591 acerrimum
888 2547 949 2591 nec
976 2525 1178 2591 incruentum
1202 2537 1336 2616 propter
1352 2527 1417 2592 ele·

352 2639 506 2731 phantos,
526 2650 666 2706 attamen
681 2661 747 2703 non
763 2639 869 2727 potuit
886 2637 1056 2704 Marcellus
1075 2638 1216 2705 Poenum
1230 2640 1266 2703 in
1278 2639 1416 2705 Bruttios

353 2753 540 2818 redeuntem
569 2750 704 2838 insequi.
752 2750 832 2817 Tum
854 2760 865 2799 ³
886 2750 1015 2841 Hirpini
1034 2751 1169 2830 Lucani,
1193 2763 1224 2817 et
1251 2750 1416 2818 Volcentes

353 2888 388 2930 se
408 2861 599 2928 dediderunt
618 2862 748 2941 Fuluio,
772 2862 848 2929 dum
866 2864 933 2928 eius
949 2863 1071 2952 collega
1082 2885 1119 2929 ex
1130 2862 1315 2930 Sallentinis
1323 2864 1416 2930 -Mau-

354 2977 477 3044 duriam
508 2975 537 3040 vi
563 2975 664 3065 cepit,
687 2988 719 3041 et
750 2976 795 3040 sic
821 2987 909 3041 metu
937 2974 1065 3040 sublato
1092 2987 1164 3041 uta
1187 2988 1274 3065 tergo
1295 2976 1416 3043 Poenus

354 3110 429 3154 eum
460 3085 695 3176 aggrederetur,
729 3086 900 3152 Tarentum
936 3086 1141 3180 oppugnandi
1170 3087 1247 3153 fecit
1276 3088 1416 3168 initium,

355 3199 442 3292 quod
461 3198 582 3288 recepit
602 3212 632 3278 t,
652 3211 686 3264 ut
705 3198 817 3267 Cicero
836 3213 849 3249 ⁵
867 3197 962 3278 dicit,
982 3199 1038 3264 nbi
1056 3199 1256 3266 Cunctatoris
1271 3202 1416 3268 aculeum

357 3314 399 3378 in'
410 3311 453 3377 M.
477 3310 604 3376 Litium
622 3309 832 3378 Salinatorem
848 3323 970 3391 narrat,
988 3313 1233 3381 contendentem
1249 3336 1305 3380 sua
1324 3337 1414 3406 opera

359 3426 531 3491 Tarentum
568 3447 634 3490 esse
667 3437 812 3515 captum:
848 3424 938 3490 »uisi
972 3437 1007 3491 tu
1036 3426 1190 3492 amisisses
1226 3425 1418 3509 Tarentum,

358 3562 418 3630 ego
433 3559 607 3627 numquam
624 3539 848 3629 recepissem”;
871 3537 956 3603 idem
968 3537 1091 3604 dictum
1103 3551 1282 3606 narrantem
1295 3540 1418 3607 inducit

359 3651 511 3718 (latonam
546 3660 575 3729 ⁶,
608 3674 646 3716 er
677 3674 742 3742 quo
772 3651 843 3716 loco
865 3651 1001 3741 glossam
1021 3649 1127 3716 hausit
1145 3651 1248 3718 lector
1265 3653 1339 3734 ille,
1360 3653 1417 3744 qui

357 3749 562 3855 praecedenti
579 3762 777 3854 paragrapho
797 3763 835 3848 Q.
855 3762 1028 3830 Maximum
1048 3763 1219 3854 explicaret
1238 3788 1295 3856 per
1317 3788 1419 3833 »eum

358 3876 415 3967 qui
430 3877 601 3942 Tarentum
618 3878 767 3969 recepit'',
785 3901 868 3967 quae
883 3901 946 3943 non
961 3878 996 3943 in
1013 3889 1132 3944 textum
1147 3889 1215 3944 erat
1227 3877 1420 3971 recipienda.

387 4133 408 4197 ι)
425 4133 610 4185 aaaxxvn.
622 4139 668 4196 11,
684 4138 725 4184 ιε.
758 4130 779 4200 ²)
797 4134 982 4186 nraxxvn.
997 4139 1106 4186 12-14.
1141 4132 1162 4200 ὅ)
1176 4122 1237 4187 nav.
1250 4135 1368 4188 xxvn.
1386 4139 1423 4185 u.

351 4217 372 4284 ⁴)
390 4219 479 4283 Porye.
498 4218 534 4268 x.
555 4223 566 4266 1
588 4220 603 4281 e
623 4223 653 4268 ιο
661 4241 668 4278 ;
691 4219 744 4270 ea.
768 4216 842 4270 Bra.
862 4224 892 4270 ra
910 4220 923 4285 u
943 4222 989 4280 ro,
1012 4220 1059 4272 sn.
1074 4221 1132 4272 uu.
1150 4221 1213 4275 xv.
1235 4227 1299 4281 aar,
1323 4223 1423 4285 naaoa

352 4305 404 4357 III.
416 4307 446 4351 16
454 4324 461 4361 ;
477 4301 548 4353 Oros.
563 4303 613 4352 IV.
632 4306 676 4363 18,
690 4303 758 4357 Plut.
777 4300 831 4353 Cot.
844 4301 900 4353 mai.
914 4310 944 4364 2;
958 4305 1049 4356 Zonar.
1062 4306 1112 4356 IX.
1129 4311 1153 4356 8.
1214 4303 1234 4371 ⁵)
1253 4303 1295 4355 De
1312 4313 1374 4357 orot.
1387 4305 1422 4355 11.

353 4393 385 4443 et
395 4388 486 4520 {2733
503 4386 560 4436 Liv.
579 4386 699 4440 XXVII.
717 4393 767 4448 253
783 4388 852 4439 erut.
870 4387 933 4439 Fae.
953 4394 998 4452 23,
1016 4386 1078 4456 Ray.
1092 4397 1120 4443 ,ut
1136 4388 1193 4458 imp.
1202 4389 1317 4458 opopltlc
1326 4389 1387 4442 nat.
1399 4391 1424 4439 6.

352 4469 373 4538 ⁶)
414 4477 454 4521 ato
472 4477 487 4520 4
507 4472 522 4534 §
542 4475 581 4520 11.
