3210 5300
213 452 274 534 §⁸-
285 467 361 511 uter.
372 449 441 512 537.
457 449 519 531 59.
529 466 614 510 auur.
625 447 694 511 538.
708 447 1176 530 5lO.lIv1auuuru.usmc.539.
1217 450 1274 511 331

207 645 389 711 immineret
417 643 538 711 Romae
559 644 592 708 iu
611 642 716 709 media
737 644 828 709 ltalia
844 641 978 734 degens,
1001 644 1176 735 multisque
1195 643 1274 727 Qui-

206 759 316 826 ritium
343 757 436 824 sociis
462 756 673 823 minitaretur.
728 757 835 823 Facile
865 757 1059 848 intelligitur
1086 758 1186 823 socios
1217 756 1275 822 tri-

207 869 285 936 buta
314 869 437 936 solvere
468 892 532 934 non
561 868 718 958 potuisse,
751 868 866 957 quibus
891 890 970 959 opus
998 879 1065 934 erat
1087 869 1216 935 omuino
1235 868 1277 934 ad

209 981 360 1049 solvenda
379 981 510 1072 grandia
528 981 695 1072 stipendia.
741 980 825 1046 lline
847 993 922 1047 nata
941 994 1008 1047 crat
1029 996 1154 1047 summa
1175 1004 1276 1072 pecu-

210 1096 282 1161 niae
300 1095 454 1185 penuria,
478 1096 531 1160 cui
548 1107 584 1160 ut
598 1107 816 1170 occurrerent,
841 1117 922 1160 asses
935 1095 1012 1160 facti
1028 1105 1102 1159 suut
1119 1096 1276 1173 unciales,

210 1207 357 1274 denarius
386 1220 585 1299 permutatus
614 1207 752 1274 sedecim
783 1208 918 1287 assibus,
951 1209 1116 1298 quinarius
1137 1210 1275 1288 octonis,

210 1334 242 1386 et
271 1321 316 1386 sic
343 1321 378 1386 in
406 1322 530 1399 ceteris,
563 1332 690 1410 praeter
714 1319 910 1411 stipendium
938 1322 1093 1401 militare,
1122 1322 1155 1386 iu
1187 1322 1276 1388 cuius

210 1435 415 1501 commodum
438 1434 584 1499 denarius
604 1456 663 1524 pro
684 1431 796 1499 decem
815 1433 936 1499 assibus
954 1434 1139 1524 permansit.
1161 1471 1207 1486 -
1225 1432 1279 1498 Sic

210 1547 391 1637 respublica
411 1546 579 1612 dimidium
597 1545 719 1611 lucrata
740 1558 802 1625 est,
827 1559 916 1612 crant
940 1548 1025 1613 eninr
1047 1570 1127 1613 asses
1153 1558 1278 1612 sextan-

211 1661 284 1726 tarii
304 1661 379 1726 inde
398 1661 666 1751 apcrmutaticne
686 1661 765 1726 belli
785 1661 898 1747 Punici
916 1661 1026 1752 primi,
1050 1684 1149 1752 quum
1167 1659 1278 1727 itidem

211 1773 364 1839 exhausto
394 1774 514 1839 aerario
535 1774 700 1864 suppletae
723 1786 796 1839 suut
816 1774 960 1864 quinque
979 1787 1093 1864 partes.
1141 1774 1281 1841 Nomine

211 1899 335 1953 tantum
357 1898 390 1952 ct
408 1909 467 1976 per
486 1886 706 1953 brevissimum
729 1887 864 1977 spatium
894 1887 1073 1977 respublica
1098 1886 1278 1966 levabatur,

211 2024 286 2067 uam
305 2000 385 2064 sicut
403 1999 575 2088 exspectari
590 2011 730 2088 poterat,
754 1999 888 2065 simulac
908 2000 1029 2089 argenti
1045 2001 1183 2090 pretium
1203 2021 1280 2064 auc·

212 2127 280 2180 tum
297 2125 393 2191 esset,
411 2112 550 2201 pretium
568 2124 745 2177 ceterarum
763 2135 867 2177 rerum
888 2112 1029 2177 omnium
1052 2113 1162 2179 eadem
1182 2113 1281 2177 ratio·

212 2251 252 2293 ne
270 2238 424 2293 cresceret
443 2248 570 2291 necesse
590 2237 652 2305 est,
677 2226 720 2291 ita
742 2237 778 2291 ut
798 2248 831 2291 re
853 2226 958 2290 omnia
987 2224 1098 2291 eadem
1118 2237 1279 2292 maneant.

210 2338 266 2405 Nil
294 2336 472 2428 quidquam
502 2347 626 2428 poterat
652 2348 780 2425 patrum
813 2335 975 2401 decretum
1001 2347 1113 2401 contra
1134 2347 1280 2402 naturam

99 2528 107 2538 Α
213 2474 336 2531 rerum,
361 2449 448 2540 quod
477 2462 608 2516 eventus
629 2450 758 2528 docuit,
787 2471 860 2513 nam
881 2471 964 2513 auno
983 2460 1055 2536 post
1075 2449 1190 2514 iterum
1211 2451 1281 2515 talis

214 2565 335 2654 argenti
352 2576 418 2630 erat
435 2564 568 2654 penuria
591 2575 620 2642 ¹,
640 2574 675 2626 ut
695 2585 732 2628 er
751 2561 821 2650 lege
839 2560 979 2626 Minucia
996 2573 1123 2627 senatus
1142 2574 1173 2627 et
1189 2564 1282 2652 equi-

214 2691 277 2758 tes,
295 2678 492 2769 potentiores
511 2676 577 2742 lere
594 2698 719 2752 omnes,
739 2697 815 2764 opes
835 2696 905 2740 suas
923 2675 955 2739 in
978 2673 1119 2740 medium
1139 2676 1280 2765 prolerre

214 2792 316 2858 coacti
338 2791 466 2858 fuerint.

540 2951 558 3033 §
578 2952 609 3013 9.
656 2946 818 3033 Pontasex
843 2949 908 3012 538
928 2953 954 3011 ².

264 3131 339 3197 Tres
359 3129 421 3196 boc
440 3151 524 3194 anno
544 3126 704 3194 demortui
723 3138 797 3192 sunt
814 3126 999 3217 pontifices,
1021 3127 1195 3215 exquibus
1218 3127 1281 3194 duc

216 3245 250 3309 in
278 3266 385 3335 pugna
416 3241 575 3308 Cannensi
599 3239 796 3318 ceciderant,
826 3238 861 3304 in
888 3260 1025 3328 quorum
1047 3238 1155 3305 locum
1185 3243 1283 3306 creati

217 3370 291 3423 sunt
321 3357 358 3440 Q.
389 3355 505 3421 Fabius
538 3352 691 3418 Maximus
728 3364 849 3431 noster,
886 3350 923 3433 Q.
953 3349 1111 3416 Caecilius
1133 3351 1281 3418 Metellus

217 3491 303 3536 cons.
331 3473 396 3537 548
416 3481 449 3534 et
469 3467 505 3550 Q.
524 3465 654 3531 Fulvius
673 3464 806 3530 Flaccus
827 3485 912 3530 cous.
933 3467 1009 3529 545.

371 3653 389 3736 §
414 3652 463 3716 10.
512 3647 612 3712 IIcz‘r
633 3646 769 3714 aedibus
792 3644 992 3711 dedicandis
1018 3648 1082 3710 539
1104 3655 1128 3710 ³.

264 3807 332 3875 Sub
361 3806 490 3872 initium
517 3805 592 3870 anni
612 3803 772 3892 sequentis
792 3802 884 3868 aedes
905 3802 986 3867 duae
1006 3801 1171 3868 dedicatae
1190 3814 1279 3883 suut,

217 3923 250 3987 in
271 3942 394 3986 summo
411 3941 516 3985 rerum
534 3917 714 3983 discrimine
731 3916 826 4007 paulo
843 3928 1026 3982 anteactae
1047 3914 1146 3980 Menti
1165 3927 1197 3981 et
1217 3916 1281 3980 Ve·

217 4035 287 4101 neri
308 4031 473 4119 Erycinae.
508 4033 599 4098 Hauc
618 4028 736 4096 Fabius
754 4042 880 4096 roserat
902 4042 914 4080 t
934 4028 1072 4094 dictator
1092 4050 1193 4118 quum
1214 4028 1281 4094 fae-

217 4161 269 4214 tus
298 4157 380 4224 erat,
415 4144 564 4234 quoniam
592 4146 626 4210 in
654 4144 806 4210 fatalibus
836 4143 926 4208 libris
946 4142 1067 4208 editum
1093 4154 1174 4207 esset
1193 4141 1281 4209 illam

248 4418 268 4485 ¹)
285 4422 342 4471 Liv.
360 4419 468 4470 XXIII.
487 4418 672 4479 ‘21;F10r.11.
691 4422 706 4468 6
727 4419 741 4481 §
760 4422 804 4477 24;
821 4417 925 4480 Bdckh,
948 4413 1048 4466 Metrcl.
1073 4413 1169 4466 Uetera.
1185 4431 1210 4480 p.
1231 4418 1288 4468 472.

159 4531 161 4534 ·
213 4502 234 4575 ²)
253 4506 309 4558 niv.
328 4505 433 4559 xxm.
453 4510 494 4556 21.
547 4499 568 4572 ὅ)
585 4504 642 4557 niv.
661 4502 766 4555 xxm.
785 4507 832 4563 ao,
850 4508 891 4553 ar.
945 4499 965 4567 4)
983 4502 1039 4553 Liv.
1059 4499 1151 4552 xxss.
1173 4505 1212 4550 rc.
