<?xml version="1.0" encoding="UTF-8"?>
<!DOCTYPE html PUBLIC "-//W3C//DTD XHTML 1.0 Transitional//EN"
    "http://www.w3.org/TR/xhtml1/DTD/xhtml1-transitional.dtd">
<html xmlns="http://www.w3.org/1999/xhtml" xml:lang="en" lang="en">
 <head>
  <title>
</title>
<meta http-equiv="Content-Type" content="text/html;charset=utf-8" />
  <meta name='ocr-system' content='tesseract 3.04.00' />
  <meta name='ocr-capabilities' content='ocr_page ocr_carea ocr_par ocr_line ocrx_word'/>
</head>
<body>
  <div class='ocr_page' id='page_1' title='image "./disputatiodegen00servgoog_0195.png"; bbox 0 0 3212 5294; ppageno 0'>
   <div class='ocr_carea' id='block_1_1' title="bbox 339 437 1164 522">
    <p class='ocr_par' dir='ltr' id='par_1_1' title="bbox 339 437 1164 522">
     <span class='ocr_line' id='line_1_1' title="bbox 339 437 1164 522; baseline 0.002 -24"><span class='ocrx_word' id='word_1_1' title='bbox 339 437 399 500; x_wconf 82' lang='lat'>180</span> <span class='ocrx_word' id='word_1_2' title='bbox 590 458 617 507; x_wconf 85' lang='lat' dir='ltr'>u.</span> <span class='ocrx_word' id='word_1_3' title='bbox 638 458 740 502; x_wconf 81' lang='lat' dir='ltr'>usurus</span> <span class='ocrx_word' id='word_1_4' title='bbox 761 458 879 514; x_wconf 84' lang='lat' dir='ltr'>meran,</span> <span class='ocrx_word' id='word_1_5' title='bbox 901 455 1069 501; x_wconf 88' lang='lat' dir='ltr'>ursrourcus</span> <span class='ocrx_word' id='word_1_6' title='bbox 1089 438 1164 522; x_wconf 74' lang='lat'>(36).</span> 
     </span>
    </p>
   </div>
   <div class='ocr_carea' id='block_1_2' title="bbox 348 628 1412 1518">
    <p class='ocr_par' dir='ltr' id='par_1_2' title="bbox 348 628 1412 1518">
     <span class='ocr_line' id='line_1_2' title="bbox 349 628 1409 725; baseline 0.002 -29"><span class='ocrx_word' id='word_1_7' title='bbox 349 631 404 696; x_wconf 87' lang='lat' dir='ltr'>det</span> <span class='ocrx_word' id='word_1_8' title='bbox 423 631 622 725; x_wconf 73' lang='lat' dir='ltr'><strong>Olympiadis</strong></span> <span class='ocrx_word' id='word_1_9' title='bbox 636 635 805 701; x_wconf 81' lang='lat' dir='ltr'>LXXXIII</span> <span class='ocrx_word' id='word_1_10' title='bbox 822 659 850 702; x_wconf 90' lang='lat' dir='ltr'>a.</span> <span class='ocrx_word' id='word_1_11' title='bbox 870 639 905 714; x_wconf 87' lang='lat'>2,</span> <span class='ocrx_word' id='word_1_12' title='bbox 925 634 1010 700; x_wconf 91' lang='lat' dir='ltr'>unde</span> <span class='ocrx_word' id='word_1_13' title='bbox 1030 635 1173 725; x_wconf 90' lang='lat' dir='ltr'>quinque</span> <span class='ocrx_word' id='word_1_14' title='bbox 1193 633 1326 698; x_wconf 84' lang='lat' dir='ltr'>saeculis</span> <span class='ocrx_word' id='word_1_15' title='bbox 1345 628 1409 698; x_wconf 82' lang='lat' dir='ltr'>sive</span> 
     </span>
     <span class='ocr_line' id='line_1_3' title="bbox 351 742 1410 836; baseline -0.002 -26"><span class='ocrx_word' id='word_1_16' title='bbox 351 750 394 812; x_wconf 90' lang='lat'>75</span> <span class='ocrx_word' id='word_1_17' title='bbox 426 742 552 836; x_wconf 76' lang='lat' dir='ltr'>Olymp.</span> <span class='ocrx_word' id='word_1_18' title='bbox 578 745 728 811; x_wconf 87' lang='lat' dir='ltr'>detractis</span> <span class='ocrx_word' id='word_1_19' title='bbox 753 748 790 812; x_wconf 83' lang='lat' dir='ltr'>fit</span> <span class='ocrx_word' id='word_1_20' title='bbox 819 744 871 813; x_wconf 84' lang='lat' dir='ltr'>Ol.</span> <span class='ocrx_word' id='word_1_21' title='bbox 895 746 971 812; x_wconf 82' lang='lat' dir='ltr'>VIII</span> <span class='ocrx_word' id='word_1_22' title='bbox 991 770 1017 812; x_wconf 89' lang='lat' dir='ltr'>a.</span> <span class='ocrx_word' id='word_1_23' title='bbox 1039 751 1069 812; x_wconf 84' lang='lat'>2.</span> <span class='ocrx_word' id='word_1_24' title='bbox 1115 745 1178 812; x_wconf 85' lang='lat' dir='ltr'>Sat</span> <span class='ocrx_word' id='word_1_25' title='bbox 1203 743 1410 834; x_wconf 80' lang='lat' dir='ltr'>chronologia</span> 
     </span>
     <span class='ocr_line' id='line_1_4' title="bbox 349 857 1411 950; baseline 0 -28"><span class='ocrx_word' id='word_1_26' title='bbox 349 859 408 924; x_wconf 88' lang='lat' dir='ltr'>ista</span> <span class='ocrx_word' id='word_1_27' title='bbox 432 859 649 949; x_wconf 86' lang='lat' dir='ltr'>antiquissima</span> <span class='ocrx_word' id='word_1_28' title='bbox 676 860 806 924; x_wconf 92' lang='lat' dir='ltr'>omnino</span> <span class='ocrx_word' id='word_1_29' title='bbox 831 859 949 925; x_wconf 91' lang='lat' dir='ltr'>incerta</span> <span class='ocrx_word' id='word_1_30' title='bbox 971 872 1037 939; x_wconf 86' lang='lat' dir='ltr'>est,</span> <span class='ocrx_word' id='word_1_31' title='bbox 1059 873 1128 925; x_wconf 85' lang='lat' dir='ltr'>tum</span> <span class='ocrx_word' id='word_1_32' title='bbox 1147 871 1279 950; x_wconf 89' lang='lat' dir='ltr'>propter</span> <span class='ocrx_word' id='word_1_33' title='bbox 1298 857 1411 924; x_wconf 89' lang='lat' dir='ltr'>decem</span> 
     </span>
     <span class='ocr_line' id='line_1_5' title="bbox 348 971 1410 1063; baseline -0.002 -26"><span class='ocrx_word' id='word_1_34' title='bbox 348 995 488 1051; x_wconf 84' lang='lat' dir='ltr'>menses,</span> <span class='ocrx_word' id='word_1_35' title='bbox 518 997 598 1063; x_wconf 88' lang='lat' dir='ltr'>quos</span> <span class='ocrx_word' id='word_1_36' title='bbox 625 974 742 1062; x_wconf 90' lang='lat' dir='ltr'>singuli</span> <span class='ocrx_word' id='word_1_37' title='bbox 766 975 841 1038; x_wconf 88' lang='lat' dir='ltr'>anni</span> <span class='ocrx_word' id='word_1_38' title='bbox 861 974 1070 1039; x_wconf 86' lang='lat' dir='ltr'>continebant</span> <span class='ocrx_word' id='word_1_39' title='bbox 1088 972 1172 1063; x_wconf 89' lang='lat' dir='ltr'>apud</span> <span class='ocrx_word' id='word_1_40' title='bbox 1194 971 1291 1037; x_wconf 88' lang='lat' dir='ltr'>Italos</span> <span class='ocrx_word' id='word_1_41' title='bbox 1313 992 1410 1061; x_wconf 85' lang='lat' dir='ltr'>quos-</span> 
     </span>
     <span class='ocr_line' id='line_1_6' title="bbox 349 1082 1412 1178; baseline -0.003 -28"><span class='ocrx_word' id='word_1_42' title='bbox 349 1086 438 1166; x_wconf 85' lang='lat' dir='ltr'>dam,</span> <span class='ocrx_word' id='word_1_43' title='bbox 469 1099 536 1151; x_wconf 90' lang='lat' dir='ltr'>tum</span> <span class='ocrx_word' id='word_1_44' title='bbox 565 1099 695 1178; x_wconf 89' lang='lat' dir='ltr'>propter</span> <span class='ocrx_word' id='word_1_45' title='bbox 719 1086 939 1153; x_wconf 85' lang='lat' dir='ltr'>kalendarium</span> <span class='ocrx_word' id='word_1_46' title='bbox 964 1112 980 1153; x_wconf 91' lang='lat' dir='ltr'>a</span> <span class='ocrx_word' id='word_1_47' title='bbox 1008 1085 1221 1152; x_wconf 85' lang='lat' dir='ltr'>sacerdotibus</span> <span class='ocrx_word' id='word_1_48' title='bbox 1246 1107 1311 1150; x_wconf 92' lang='lat' dir='ltr'>uon</span> <span class='ocrx_word' id='word_1_49' title='bbox 1338 1082 1412 1148; x_wconf 84' lang='lat' dir='ltr'>satis</span> 
     </span>
     <span class='ocr_line' id='line_1_7' title="bbox 348 1198 1411 1291; baseline -0.005 -26"><span class='ocrx_word' id='word_1_50' title='bbox 348 1211 434 1265; x_wconf 87' lang='lat' dir='ltr'>recte</span> <span class='ocrx_word' id='word_1_51' title='bbox 455 1198 618 1279; x_wconf 87' lang='lat' dir='ltr'>habitum,</span> <span class='ocrx_word' id='word_1_52' title='bbox 642 1222 766 1266; x_wconf 84' lang='lat' dir='ltr'>necnon</span> <span class='ocrx_word' id='word_1_53' title='bbox 784 1213 917 1290; x_wconf 90' lang='lat' dir='ltr'>propter</span> <span class='ocrx_word' id='word_1_54' title='bbox 945 1224 997 1279; x_wconf 89' lang='lat' dir='ltr'>ea,</span> <span class='ocrx_word' id='word_1_55' title='bbox 1025 1199 1111 1291; x_wconf 89' lang='lat' dir='ltr'>quod</span> <span class='ocrx_word' id='word_1_56' title='bbox 1140 1221 1203 1263; x_wconf 91' lang='lat' dir='ltr'>non</span> <span class='ocrx_word' id='word_1_57' title='bbox 1226 1219 1334 1263; x_wconf 91' lang='lat' dir='ltr'>omues</span> <span class='ocrx_word' id='word_1_58' title='bbox 1353 1217 1411 1287; x_wconf 92' lang='lat' dir='ltr'>per</span> 
     </span>
     <span class='ocr_line' id='line_1_8' title="bbox 349 1310 1410 1404; baseline -0.005 -26"><span class='ocrx_word' id='word_1_59' title='bbox 349 1325 450 1379; x_wconf 81' lang='lat' dir='ltr'>totum</span> <span class='ocrx_word' id='word_1_60' title='bbox 472 1336 590 1379; x_wconf 91' lang='lat' dir='ltr'>annum</span> <span class='ocrx_word' id='word_1_61' title='bbox 611 1314 829 1403; x_wconf 88' lang='lat' dir='ltr'>magistratum</span> <span class='ocrx_word' id='word_1_62' title='bbox 857 1314 1028 1404; x_wconf 77' lang='lat' dir='ltr'>gesserint,</span> <span class='ocrx_word' id='word_1_63' title='bbox 1052 1334 1161 1378; x_wconf 83' lang='lat' dir='ltr'>rerum</span> <span class='ocrx_word' id='word_1_64' title='bbox 1190 1333 1247 1400; x_wconf 88' lang='lat' dir='ltr'>per</span> <span class='ocrx_word' id='word_1_65' title='bbox 1274 1310 1410 1374; x_wconf 89' lang='lat' dir='ltr'>interre-</span> 
     </span>
     <span class='ocr_line' id='line_1_9' title="bbox 348 1422 1410 1518; baseline -0.006 -26"><span class='ocrx_word' id='word_1_66' title='bbox 348 1450 408 1516; x_wconf 89' lang='lat' dir='ltr'>gna</span> <span class='ocrx_word' id='word_1_67' title='bbox 423 1428 729 1518; x_wconf 78' lang='lat' dir='ltr'>magistratuumque</span> <span class='ocrx_word' id='word_1_68' title='bbox 748 1427 940 1493; x_wconf 89' lang='lat' dir='ltr'>mutationes</span> <span class='ocrx_word' id='word_1_69' title='bbox 952 1426 1013 1492; x_wconf 86' lang='lat' dir='ltr'>hoc</span> <span class='ocrx_word' id='word_1_70' title='bbox 1029 1437 1154 1516; x_wconf 88' lang='lat' dir='ltr'>tempus</span> <span class='ocrx_word' id='word_1_71' title='bbox 1167 1424 1286 1491; x_wconf 80' lang='lat' dir='ltr'>varium</span> <span class='ocrx_word' id='word_1_72' title='bbox 1303 1422 1410 1488; x_wconf 89' lang='lat' dir='ltr'>fuerit.</span> 
     </span>
    </p>
   </div>
   <div class='ocr_carea' id='block_1_3' title="bbox 345 1647 1414 3552">
    <p class='ocr_par' dir='ltr' id='par_1_3' title="bbox 345 1647 1414 3552">
     <span class='ocr_line' id='line_1_10' title="bbox 347 1647 1408 1734; baseline -0.005 -18"><span class='ocrx_word' id='word_1_73' title='bbox 347 1650 401 1716; x_wconf 81' lang='lat' dir='ltr'>N⁰.</span> <span class='ocrx_word' id='word_1_74' title='bbox 438 1651 522 1718; x_wconf 83' lang='lat' dir='ltr'>XVI.</span> <span class='ocrx_word' id='word_1_75' title='bbox 570 1651 720 1734; x_wconf 74' lang='lat' dir='ltr'>Taraiprp</span> <span class='ocrx_word' id='word_1_76' title='bbox 746 1652 777 1717; x_wconf 76' lang='grc' dir='ltr'>δὲ</span> <span class='ocrx_word' id='word_1_77' title='bbox 800 1650 872 1732; x_wconf 72' lang='grc' dir='ltr'>μηνὶ</span> <span class='ocrx_word' id='word_1_78' title='bbox 899 1650 983 1729; x_wconf 74' lang='grc' dir='ltr'>μετὰ</span> <span class='ocrx_word' id='word_1_79' title='bbox 1012 1647 1206 1723; x_wconf 67' lang='lat' dir='ltr'>clavarium,</span> <span class='ocrx_word' id='word_1_80' title='bbox 1230 1648 1268 1721; x_wconf 65' lang='lat' dir='ltr'>oie</span> <span class='ocrx_word' id='word_1_81' title='bbox 1290 1647 1408 1726; x_wconf 70' lang='grc' dir='ltr'><em>Φάβιος</em></span> 
     </span>
     <span class='ocr_line' id='line_1_11' title="bbox 438 1762 1407 1846; baseline -0.001 -18"><span class='ocrx_word' id='word_1_82' title='bbox 438 1766 569 1846; x_wconf 80' lang='grc' dir='ltr'>ἱστορεῖ,</span> <span class='ocrx_word' id='word_1_83' title='bbox 586 1766 621 1828; x_wconf 77' lang='grc' dir='ltr'>τὸ</span> <span class='ocrx_word' id='word_1_84' title='bbox 642 1762 709 1845; x_wconf 71' lang='grc' dir='ltr'>περὶ</span> <span class='ocrx_word' id='word_1_85' title='bbox 730 1764 786 1838; x_wconf 68' lang='grc' dir='ltr'>τὴν</span> <span class='ocrx_word' id='word_1_86' title='bbox 803 1763 951 1844; x_wconf 71' lang='grc' dir='ltr'><em>οὶρσοιγὴν</em></span> <span class='ocrx_word' id='word_1_87' title='bbox 968 1763 1121 1841; x_wconf 72' lang='grc' dir='ltr'>ἐτολμήθη</span> <span class='ocrx_word' id='word_1_88' title='bbox 1137 1765 1196 1826; x_wconf 79' lang='grc' dir='ltr'>σῶν</span> <span class='ocrx_word' id='word_1_89' title='bbox 1211 1767 1364 1840; x_wconf 75' lang='grc' dir='ltr'><em>νννοιιιιῶν</em></span> <span class='ocrx_word' id='word_1_90' title='bbox 1383 1775 1407 1827; x_wconf 79' lang='lat'>¹.</span> 
     </span>
     <span class='ocr_line' id='line_1_12' title="bbox 392 1872 1411 1966; baseline -0.003 -25"><span class='ocrx_word' id='word_1_91' title='bbox 392 1875 512 1942; x_wconf 92' lang='lat' dir='ltr'>Iterum</span> <span class='ocrx_word' id='word_1_92' title='bbox 542 1875 697 1942; x_wconf 84' lang='lat' dir='ltr'>habemus</span> <span class='ocrx_word' id='word_1_93' title='bbox 728 1875 908 1966; x_wconf 79' lang='lat' dir='ltr'>exemplum</span> <span class='ocrx_word' id='word_1_94' title='bbox 936 1872 1162 1964; x_wconf 77' lang='lat' dir='ltr'>chronologiae</span> <span class='ocrx_word' id='word_1_95' title='bbox 1186 1897 1203 1937; x_wconf 89' lang='lat' dir='ltr'>a</span> <span class='ocrx_word' id='word_1_96' title='bbox 1228 1872 1328 1938; x_wconf 79' lang='lat' dir='ltr'>Fabio</span> <span class='ocrx_word' id='word_1_97' title='bbox 1352 1872 1411 1938; x_wconf 84' lang='lat' dir='ltr'>ad·</span> 
     </span>
     <span class='ocr_line' id='line_1_13' title="bbox 348 1985 1411 2080; baseline -0.003 -25"><span class='ocrx_word' id='word_1_98' title='bbox 348 1986 503 2080; x_wconf 85' lang='lat' dir='ltr'>scriptae;</span> <span class='ocrx_word' id='word_1_99' title='bbox 522 1988 607 2054; x_wconf 91' lang='lat' dir='ltr'>unde</span> <span class='ocrx_word' id='word_1_100' title='bbox 626 2011 701 2054; x_wconf 82' lang='lat' dir='ltr'>vero</span> <span class='ocrx_word' id='word_1_101' title='bbox 722 1988 783 2053; x_wconf 90' lang='lat' dir='ltr'>hoc</span> <span class='ocrx_word' id='word_1_102' title='bbox 803 1988 958 2067; x_wconf 86' lang='lat' dir='ltr'>hauserit,</span> <span class='ocrx_word' id='word_1_103' title='bbox 981 1987 1014 2051; x_wconf 91' lang='lat' dir='ltr'>iu</span> <span class='ocrx_word' id='word_1_104' title='bbox 1034 1998 1164 2077; x_wconf 90' lang='lat' dir='ltr'>promtu</span> <span class='ocrx_word' id='word_1_105' title='bbox 1184 1997 1241 2052; x_wconf 90' lang='lat' dir='ltr'>est.</span> <span class='ocrx_word' id='word_1_106' title='bbox 1275 1985 1411 2053; x_wconf 82' lang='lat' dir='ltr'>Consta-</span> 
     </span>
     <span class='ocr_line' id='line_1_14' title="bbox 346 2099 1410 2192; baseline -0.002 -24"><span class='ocrx_word' id='word_1_107' title='bbox 346 2103 401 2168; x_wconf 94' lang='lat' dir='ltr'>bat</span> <span class='ocrx_word' id='word_1_108' title='bbox 428 2102 512 2167; x_wconf 90' lang='lat' dir='ltr'>enim</span> <span class='ocrx_word' id='word_1_109' title='bbox 539 2102 623 2192; x_wconf 89' lang='lat' dir='ltr'>apud</span> <span class='ocrx_word' id='word_1_110' title='bbox 646 2115 764 2168; x_wconf 83' lang='lat' dir='ltr'>veteres</span> <span class='ocrx_word' id='word_1_111' title='bbox 786 2113 797 2150; x_wconf 83' lang='lat'><strong>²</strong></span> <span class='ocrx_word' id='word_1_112' title='bbox 821 2101 943 2169; x_wconf 86' lang='lat' dir='ltr'>Urbem</span> <span class='ocrx_word' id='word_1_113' title='bbox 963 2100 1118 2165; x_wconf 91' lang='lat' dir='ltr'>Parilibus</span> <span class='ocrx_word' id='word_1_114' title='bbox 1139 2122 1205 2165; x_wconf 88' lang='lat' dir='ltr'>esse</span> <span class='ocrx_word' id='word_1_115' title='bbox 1231 2099 1410 2180; x_wconf 89' lang='lat' dir='ltr'>conditam,</span> 
     </span>
     <span class='ocr_line' id='line_1_15' title="bbox 345 2212 1412 2304; baseline -0.002 -23"><span class='ocrx_word' id='word_1_116' title='bbox 345 2215 378 2282; x_wconf 91' lang='lat' dir='ltr'>id</span> <span class='ocrx_word' id='word_1_117' title='bbox 409 2227 457 2280; x_wconf 92' lang='lat' dir='ltr'>est</span> <span class='ocrx_word' id='word_1_118' title='bbox 486 2214 529 2280; x_wconf 93' lang='lat' dir='ltr'>XI</span> <span class='ocrx_word' id='word_1_119' title='bbox 553 2216 614 2280; x_wconf 84' lang='lat' dir='ltr'>kal.</span> <span class='ocrx_word' id='word_1_120' title='bbox 634 2217 723 2295; x_wconf 90' lang='lat' dir='ltr'>mai.;</span> <span class='ocrx_word' id='word_1_121' title='bbox 748 2214 858 2281; x_wconf 91' lang='lat' dir='ltr'>itidem</span> <span class='ocrx_word' id='word_1_122' title='bbox 881 2226 1024 2278; x_wconf 82' lang='lat' dir='ltr'>constare</span> <span class='ocrx_word' id='word_1_123' title='bbox 1046 2212 1212 2278; x_wconf 83' lang='lat' dir='ltr'>ridebatur</span> <span class='ocrx_word' id='word_1_124' title='bbox 1239 2212 1321 2293; x_wconf 88' lang='lat' dir='ltr'>dies,</span> <span class='ocrx_word' id='word_1_125' title='bbox 1344 2236 1412 2304; x_wconf 90' lang='lat' dir='ltr'>quo</span> 
     </span>
     <span class='ocr_line' id='line_1_16' title="bbox 345 2325 1413 2419; baseline -0.002 -25"><span class='ocrx_word' id='word_1_126' title='bbox 345 2329 483 2418; x_wconf 75' lang='lat' dir='ltr'>uirgines</span> <span class='ocrx_word' id='word_1_127' title='bbox 503 2341 629 2419; x_wconf 85' lang='lat' dir='ltr'>raptae,</span> <span class='ocrx_word' id='word_1_128' title='bbox 653 2351 726 2394; x_wconf 90' lang='lat' dir='ltr'>uam</span> <span class='ocrx_word' id='word_1_129' title='bbox 747 2328 904 2394; x_wconf 87' lang='lat' dir='ltr'>Romulus</span> <span class='ocrx_word' id='word_1_130' title='bbox 925 2325 1060 2392; x_wconf 89' lang='lat' dir='ltr'>Sabinos</span> <span class='ocrx_word' id='word_1_131' title='bbox 1078 2325 1267 2391; x_wconf 84' lang='lat' dir='ltr'>invitaverat</span> <span class='ocrx_word' id='word_1_132' title='bbox 1287 2326 1327 2392; x_wconf 92' lang='lat' dir='ltr'>ad</span> <span class='ocrx_word' id='word_1_133' title='bbox 1349 2327 1413 2392; x_wconf 86' lang='lat' dir='ltr'>Ies-</span> 
     </span>
     <span class='ocr_line' id='line_1_17' title="bbox 346 2437 1411 2531; baseline -0.003 -23"><span class='ocrx_word' id='word_1_134' title='bbox 346 2455 414 2508; x_wconf 86' lang='lat' dir='ltr'>tum</span> <span class='ocrx_word' id='word_1_135' title='bbox 433 2442 661 2508; x_wconf 88' lang='lat' dir='ltr'>celebrandum</span> <span class='ocrx_word' id='word_1_136' title='bbox 677 2443 710 2507; x_wconf 93' lang='lat' dir='ltr'>in</span> <span class='ocrx_word' id='word_1_137' title='bbox 727 2440 882 2507; x_wconf 87' lang='lat' dir='ltr'>honorem</span> <span class='ocrx_word' id='word_1_138' title='bbox 899 2439 1042 2531; x_wconf 86' lang='lat' dir='ltr'>Neptuni</span> <span class='ocrx_word' id='word_1_139' title='bbox 1059 2439 1123 2505; x_wconf 84' lang='lat' dir='ltr'>sive</span> <span class='ocrx_word' id='word_1_140' title='bbox 1141 2437 1307 2519; x_wconf 85' lang='lat' dir='ltr'>Consonis;</span> <span class='ocrx_word' id='word_1_141' title='bbox 1324 2437 1411 2505; x_wconf 80' lang='lat' dir='ltr'>Gou-</span> 
     </span>
     <span class='ocr_line' id='line_1_18' title="bbox 345 2552 1411 2629; baseline -0.005 -7"><span class='ocrx_word' id='word_1_142' title='bbox 345 2556 444 2622; x_wconf 90' lang='lat' dir='ltr'>sualia</span> <span class='ocrx_word' id='word_1_143' title='bbox 463 2569 568 2621; x_wconf 90' lang='lat' dir='ltr'>autem</span> <span class='ocrx_word' id='word_1_144' title='bbox 591 2555 833 2620; x_wconf 89' lang='lat' dir='ltr'>celebrabantur</span> <span class='ocrx_word' id='word_1_145' title='bbox 856 2563 867 2600; x_wconf 78' lang='lat'><strong>³</strong></span> <span class='ocrx_word' id='word_1_146' title='bbox 888 2553 940 2618; x_wconf 91' lang='lat' dir='ltr'>die</span> <span class='ocrx_word' id='word_1_147' title='bbox 962 2555 1001 2617; x_wconf 84' lang='lat'>18</span> <span class='ocrx_word' id='word_1_148' title='bbox 1018 2575 1060 2616; x_wconf 87' lang='lat' dir='ltr'>m.</span> <span class='ocrx_word' id='word_1_149' title='bbox 1082 2552 1218 2629; x_wconf 75' lang='lat' dir='ltr'>sextilis,</span> <span class='ocrx_word' id='word_1_150' title='bbox 1246 2564 1300 2617; x_wconf 89' lang='lat' dir='ltr'>aut</span> <span class='ocrx_word' id='word_1_151' title='bbox 1321 2564 1356 2617; x_wconf 90' lang='lat' dir='ltr'>ut</span> <span class='ocrx_word' id='word_1_152' title='bbox 1377 2553 1411 2617; x_wconf 88' lang='lat' dir='ltr'>in</span> 
     </span>
     <span class='ocr_line' id='line_1_19' title="bbox 345 2665 1413 2758; baseline -0.003 -23"><span class='ocrx_word' id='word_1_153' title='bbox 345 2670 531 2736; x_wconf 80' lang='lat' dir='ltr'>kalendario</span> <span class='ocrx_word' id='word_1_154' title='bbox 562 2670 679 2757; x_wconf 87' lang='lat' dir='ltr'>legitur</span> <span class='ocrx_word' id='word_1_155' title='bbox 713 2667 804 2735; x_wconf 88' lang='lat' dir='ltr'>»XII</span> <span class='ocrx_word' id='word_1_156' title='bbox 828 2669 890 2733; x_wconf 88' lang='lat' dir='ltr'>kal.</span> <span class='ocrx_word' id='word_1_157' title='bbox 915 2666 1086 2758; x_wconf 86' lang='lat' dir='ltr'>septembr.</span> <span class='ocrx_word' id='word_1_158' title='bbox 1107 2666 1144 2733; x_wconf 79' lang='grc' dir='ltr'>Δ.</span> <span class='ocrx_word' id='word_1_159' title='bbox 1167 2665 1260 2733; x_wconf 80' lang='lat' dir='ltr'>(lons.</span> <span class='ocrx_word' id='word_1_160' title='bbox 1280 2665 1320 2733; x_wconf 89' lang='lat' dir='ltr'>N.</span> <span class='ocrx_word' id='word_1_161' title='bbox 1342 2668 1413 2746; x_wconf 88' lang='lat' dir='ltr'><strong>P.&#39;&#39;;</strong></span> 
     </span>
     <span class='ocr_line' id='line_1_20' title="bbox 346 2780 1413 2871; baseline -0.002 -24"><span class='ocrx_word' id='word_1_162' title='bbox 346 2805 384 2847; x_wconf 80' lang='lat' dir='ltr'>er</span> <span class='ocrx_word' id='word_1_163' title='bbox 415 2780 501 2845; x_wconf 91' lang='lat' dir='ltr'>hisce</span> <span class='ocrx_word' id='word_1_164' title='bbox 532 2781 720 2846; x_wconf 79' lang='lat' dir='ltr'>facillimum</span> <span class='ocrx_word' id='word_1_165' title='bbox 752 2794 819 2846; x_wconf 90' lang='lat' dir='ltr'>erat</span> <span class='ocrx_word' id='word_1_166' title='bbox 849 2791 1034 2871; x_wconf 90' lang='lat' dir='ltr'>computare</span> <span class='ocrx_word' id='word_1_167' title='bbox 1064 2790 1177 2870; x_wconf 89' lang='lat' dir='ltr'>quarto</span> <span class='ocrx_word' id='word_1_168' title='bbox 1205 2801 1313 2844; x_wconf 88' lang='lat' dir='ltr'>menso</span> <span class='ocrx_word' id='word_1_169' title='bbox 1340 2792 1413 2870; x_wconf 87' lang='lat' dir='ltr'>post</span> 
     </span>
     <span class='ocr_line' id='line_1_21' title="bbox 347 2892 1411 2983; baseline -0.004 -21"><span class='ocrx_word' id='word_1_170' title='bbox 347 2895 470 2962; x_wconf 86' lang='lat' dir='ltr'>Urbem</span> <span class='ocrx_word' id='word_1_171' title='bbox 492 2894 654 2960; x_wconf 90' lang='lat' dir='ltr'>conditam</span> <span class='ocrx_word' id='word_1_172' title='bbox 682 2892 815 2960; x_wconf 88' lang='lat' dir='ltr'>Sabinas</span> <span class='ocrx_word' id='word_1_173' title='bbox 844 2917 911 2959; x_wconf 91' lang='lat' dir='ltr'>esse</span> <span class='ocrx_word' id='word_1_174' title='bbox 941 2904 1052 2983; x_wconf 87' lang='lat' dir='ltr'>raptas.</span> <span class='ocrx_word' id='word_1_175' title='bbox 1110 2892 1272 2959; x_wconf 84' lang='lat' dir='ltr'>Diversam</span> <span class='ocrx_word' id='word_1_176' title='bbox 1305 2905 1411 2958; x_wconf 88' lang='lat' dir='ltr'>tamen</span> 
     </span>
     <span class='ocr_line' id='line_1_22' title="bbox 347 3005 1414 3094; baseline -0.003 -21"><span class='ocrx_word' id='word_1_177' title='bbox 347 3007 407 3074; x_wconf 79' lang='lat' dir='ltr'>(ln.</span> <span class='ocrx_word' id='word_1_178' title='bbox 434 3006 556 3072; x_wconf 89' lang='lat' dir='ltr'>Gellius</span> <span class='ocrx_word' id='word_1_179' title='bbox 587 3006 762 3075; x_wconf 90' lang='lat' dir='ltr'>tradiderat</span> <span class='ocrx_word' id='word_1_180' title='bbox 788 3008 926 3086; x_wconf 88' lang='lat' dir='ltr'>famam,</span> <span class='ocrx_word' id='word_1_181' title='bbox 960 3007 1011 3070; x_wconf 90' lang='lat' dir='ltr'>cui</span> <span class='ocrx_word' id='word_1_182' title='bbox 1033 3007 1202 3071; x_wconf 83' lang='lat' dir='ltr'>assentitur</span> <span class='ocrx_word' id='word_1_183' title='bbox 1226 3005 1414 3094; x_wconf 75' lang='lat' dir='ltr'>Dionysius,</span> 
     </span>
     <span class='ocr_line' id='line_1_23' title="bbox 348 3119 1412 3212; baseline 0 -27"><span class='ocrx_word' id='word_1_184' title='bbox 348 3133 462 3211; x_wconf 89' lang='lat' dir='ltr'>quarto</span> <span class='ocrx_word' id='word_1_185' title='bbox 483 3121 612 3186; x_wconf 88' lang='lat' dir='ltr'>demum</span> <span class='ocrx_word' id='word_1_186' title='bbox 633 3144 717 3186; x_wconf 91' lang='lat' dir='ltr'>anno</span> <span class='ocrx_word' id='word_1_187' title='bbox 738 3134 809 3212; x_wconf 91' lang='lat' dir='ltr'>post</span> <span class='ocrx_word' id='word_1_188' title='bbox 830 3121 948 3190; x_wconf 87' lang='lat' dir='ltr'>Urbem</span> <span class='ocrx_word' id='word_1_189' title='bbox 969 3119 1104 3209; x_wconf 71' lang='lat' dir='ltr'>virgines</span> <span class='ocrx_word' id='word_1_190' title='bbox 1126 3131 1229 3208; x_wconf 89' lang='lat' dir='ltr'>raptas</span> <span class='ocrx_word' id='word_1_191' title='bbox 1249 3143 1333 3197; x_wconf 86' lang='lat' dir='ltr'>esse,</span> <span class='ocrx_word' id='word_1_192' title='bbox 1349 3120 1412 3185; x_wconf 78' lang='lat' dir='ltr'>Fa-</span> 
     </span>
     <span class='ocr_line' id='line_1_24' title="bbox 347 3230 1413 3324; baseline -0.001 -26"><span class='ocrx_word' id='word_1_193' title='bbox 347 3234 419 3300; x_wconf 91' lang='lat' dir='ltr'>bius</span> <span class='ocrx_word' id='word_1_194' title='bbox 441 3235 541 3313; x_wconf 90' lang='lat' dir='ltr'>enim,</span> <span class='ocrx_word' id='word_1_195' title='bbox 571 3236 626 3324; x_wconf 94' lang='lat' dir='ltr'>qui</span> <span class='ocrx_word' id='word_1_196' title='bbox 647 3258 713 3301; x_wconf 90' lang='lat' dir='ltr'>non</span> <span class='ocrx_word' id='word_1_197' title='bbox 735 3235 774 3300; x_wconf 88' lang='lat' dir='ltr'>de</span> <span class='ocrx_word' id='word_1_198' title='bbox 797 3234 883 3300; x_wconf 89' lang='lat' dir='ltr'>bello</span> <span class='ocrx_word' id='word_1_199' title='bbox 905 3245 1015 3297; x_wconf 90' lang='lat' dir='ltr'>contra</span> <span class='ocrx_word' id='word_1_200' title='bbox 1037 3230 1170 3298; x_wconf 91' lang='lat' dir='ltr'>Sabinos</span> <span class='ocrx_word' id='word_1_201' title='bbox 1191 3242 1278 3323; x_wconf 88' lang='lat' dir='ltr'>gesto</span> <span class='ocrx_word' id='word_1_202' title='bbox 1297 3232 1350 3297; x_wconf 86' lang='lat' dir='ltr'>sed</span> <span class='ocrx_word' id='word_1_203' title='bbox 1370 3232 1413 3297; x_wconf 90' lang='lat' dir='ltr'>de</span> 
     </span>
     <span class='ocr_line' id='line_1_25' title="bbox 347 3345 1414 3439; baseline 0.001 -29"><span class='ocrx_word' id='word_1_204' title='bbox 347 3348 522 3437; x_wconf 77' lang='lat' dir='ltr'>virginibus</span> <span class='ocrx_word' id='word_1_205' title='bbox 545 3360 669 3414; x_wconf 90' lang='lat' dir='ltr'>tautum</span> <span class='ocrx_word' id='word_1_206' title='bbox 688 3349 785 3439; x_wconf 81' lang='lat' dir='ltr'>raptis</span> <span class='ocrx_word' id='word_1_207' title='bbox 803 3346 978 3436; x_wconf 78' lang='lat' dir='ltr'>cogitabat,</span> <span class='ocrx_word' id='word_1_208' title='bbox 997 3345 1110 3411; x_wconf 88' lang='lat' dir='ltr'>eodem</span> <span class='ocrx_word' id='word_1_209' title='bbox 1128 3369 1211 3413; x_wconf 91' lang='lat' dir='ltr'>anuo</span> <span class='ocrx_word' id='word_1_210' title='bbox 1230 3346 1311 3410; x_wconf 89' lang='lat' dir='ltr'>illud</span> <span class='ocrx_word' id='word_1_211' title='bbox 1327 3347 1414 3411; x_wconf 89' lang='lat' dir='ltr'>acci-</span> 
     </span>
     <span class='ocr_line' id='line_1_26' title="bbox 346 3458 1357 3552; baseline 0.002 -28"><span class='ocrx_word' id='word_1_212' title='bbox 346 3459 429 3526; x_wconf 83' lang='lat' dir='ltr'>‹lisse</span> <span class='ocrx_word' id='word_1_213' title='bbox 448 3460 613 3542; x_wconf 85' lang='lat' dir='ltr'>credebat,</span> <span class='ocrx_word' id='word_1_214' title='bbox 639 3485 704 3552; x_wconf 92' lang='lat' dir='ltr'>quo</span> <span class='ocrx_word' id='word_1_215' title='bbox 724 3461 881 3526; x_wconf 84' lang='lat' dir='ltr'>Romulus</span> <span class='ocrx_word' id='word_1_216' title='bbox 901 3459 1020 3526; x_wconf 93' lang='lat' dir='ltr'>Urbem</span> <span class='ocrx_word' id='word_1_217' title='bbox 1043 3458 1180 3526; x_wconf 90' lang='lat' dir='ltr'>condere</span> <span class='ocrx_word' id='word_1_218' title='bbox 1200 3471 1357 3550; x_wconf 87' lang='lat' dir='ltr'>coeperat.</span> 
     </span>
    </p>
   </div>
   <div class='ocr_carea' id='block_1_4' title="bbox 347 3685 1422 4227">
    <p class='ocr_par' dir='ltr' id='par_1_4' title="bbox 347 3685 1415 3993">
     <span class='ocr_line' id='line_1_27' title="bbox 347 3685 1412 3778; baseline -0.001 -26"><span class='ocrx_word' id='word_1_219' title='bbox 347 3685 401 3753; x_wconf 75' lang='lat' dir='ltr'>N0.</span> <span class='ocrx_word' id='word_1_220' title='bbox 439 3686 537 3752; x_wconf 85' lang='lat' dir='ltr'>XVII.</span> <span class='ocrx_word' id='word_1_221' title='bbox 584 3690 689 3761; x_wconf 66' lang='lat' dir='ltr'>Aurio</span> <span class='ocrx_word' id='word_1_222' title='bbox 715 3687 904 3778; x_wconf 76' lang='lat' dir='ltr'>(Talpnarav)</span> <span class='ocrx_word' id='word_1_223' title='bbox 922 3690 960 3761; x_wconf 76' lang='grc' dir='ltr'>ὥς</span> <span class='ocrx_word' id='word_1_224' title='bbox 983 3689 1040 3765; x_wconf 77' lang='grc' dir='ltr'>μὲν</span> <span class='ocrx_word' id='word_1_225' title='bbox 1057 3685 1175 3766; x_wconf 68' lang='grc' dir='ltr'><em>Φάβιός</em></span> <span class='ocrx_word' id='word_1_226' title='bbox 1197 3711 1232 3751; x_wconf 79' lang='grc' dir='ltr'>τε</span> <span class='ocrx_word' id='word_1_227' title='bbox 1258 3688 1310 3752; x_wconf 78' lang='lat' dir='ltr'>nul</span> <span class='ocrx_word' id='word_1_228' title='bbox 1333 3687 1412 3767; x_wconf 72' lang='lat' dir='ltr'>Kly-</span> 
     </span>
     <span class='ocr_line' id='line_1_28' title="bbox 440 3798 1411 3882; baseline 0.002 -19"><span class='ocrx_word' id='word_1_229' title='bbox 440 3823 502 3872; x_wconf 86' lang='grc' dir='ltr'><em>ιιιος</em></span> <span class='ocrx_word' id='word_1_230' title='bbox 526 3798 719 3882; x_wconf 67' lang='grc' dir='ltr'><em>γράφουσιν,</em></span> <span class='ocrx_word' id='word_1_231' title='bbox 748 3798 818 3880; x_wconf 76' lang='grc' dir='ltr'><em>ἔρος</em></span> <span class='ocrx_word' id='word_1_232' title='bbox 845 3799 1021 3881; x_wconf 71' lang='grc' dir='ltr'><em>εἰσέρχεται</em></span> <span class='ocrx_word' id='word_1_233' title='bbox 1049 3803 1108 3863; x_wconf 76' lang='grc' dir='ltr'>τῶν</span> <span class='ocrx_word' id='word_1_234' title='bbox 1136 3798 1273 3879; x_wconf 77' lang='grc' dir='ltr'><em>ψοιλίοιν,</em></span> <span class='ocrx_word' id='word_1_235' title='bbox 1296 3798 1318 3864; x_wconf 70' lang='grc' dir='ltr'>οἳ</span> <span class='ocrx_word' id='word_1_236' title='bbox 1344 3800 1411 3881; x_wconf 76' lang='grc' dir='ltr'>περὶ</span> 
     </span>
     <span class='ocr_line' id='line_1_29' title="bbox 439 3909 1415 3993; baseline 0.004 -19"><span class='ocrx_word' id='word_1_237' title='bbox 439 3919 503 3984; x_wconf 79' lang='grc' dir='ltr'><em>τοῖς</em></span> <span class='ocrx_word' id='word_1_238' title='bbox 519 3913 687 3991; x_wconf 67' lang='grc' dir='ltr'><em>ἀριστεροῖς</em></span> <span class='ocrx_word' id='word_1_239' title='bbox 704 3910 870 3992; x_wconf 68' lang='grc' dir='ltr'><em>βραχίοσιν</em></span> <span class='ocrx_word' id='word_1_240' title='bbox 891 3911 1030 3993; x_wconf 75' lang='grc' dir='ltr'><em>ἐφόρουν,</em></span> <span class='ocrx_word' id='word_1_241' title='bbox 1046 3909 1097 3975; x_wconf 77' lang='lat' dir='ltr'>uui</span> <span class='ocrx_word' id='word_1_242' title='bbox 1120 3916 1178 3975; x_wconf 79' lang='grc' dir='ltr'>τῶν</span> <span class='ocrx_word' id='word_1_243' title='bbox 1198 3913 1372 3978; x_wconf 75' lang='grc' dir='ltr'><em>δοκτολίων</em></span> <span class='ocrx_word' id='word_1_244' title='bbox 1389 3920 1415 3978; x_wconf 78' lang='lat'>⁴.</span> 
     </span>
    </p>

    <p class='ocr_par' dir='ltr' id='par_1_5' title="bbox 351 4023 1422 4227">
     <span class='ocr_line' id='line_1_30' title="bbox 396 4023 1412 4115; baseline 0.001 -28"><span class='ocrx_word' id='word_1_245' title='bbox 396 4023 575 4113; x_wconf 89' lang='lat' dir='ltr'>Magistello</span> <span class='ocrx_word' id='word_1_246' title='bbox 596 4023 765 4089; x_wconf 89' lang='lat' dir='ltr'>reddamus</span> <span class='ocrx_word' id='word_1_247' title='bbox 786 4024 1029 4115; x_wconf 81' lang='lat' dir='ltr'>explicationem</span> <span class='ocrx_word' id='word_1_248' title='bbox 1049 4024 1256 4113; x_wconf 86' lang='lat' dir='ltr'>marginalem</span> <span class='ocrx_word' id='word_1_249' title='bbox 1275 4027 1327 4090; x_wconf 84' lang='grc' dir='ltr'><em>κοιὶ</em></span> <span class='ocrx_word' id='word_1_250' title='bbox 1354 4032 1412 4091; x_wconf 79' lang='grc' dir='ltr'>τῶν</span> 
     </span>
     <span class='ocr_line' id='line_1_31' title="bbox 351 4135 1422 4227; baseline 0.003 -28"><span class='ocrx_word' id='word_1_251' title='bbox 351 4135 523 4200; x_wconf 65' lang='lat' dir='ltr'>sammaa</span> <span class='ocrx_word' id='word_1_252' title='bbox 553 4135 573 4199; x_wconf 90' lang='lat' dir='ltr'>i.</span> <span class='ocrx_word' id='word_1_253' title='bbox 595 4159 622 4201; x_wconf 90' lang='lat' dir='ltr'>e.</span> <span class='ocrx_word' id='word_1_254' title='bbox 652 4137 859 4216; x_wconf 86' lang='lat' dir='ltr'>annulorum,</span> <span class='ocrx_word' id='word_1_255' title='bbox 888 4159 969 4227; x_wconf 87' lang='lat' dir='ltr'>quae</span> <span class='ocrx_word' id='word_1_256' title='bbox 994 4135 1032 4201; x_wconf 86' lang='lat' dir='ltr'>ed</span> <span class='ocrx_word' id='word_1_257' title='bbox 1061 4137 1251 4202; x_wconf 84' lang='lat' dir='ltr'>vocabulum</span> <span class='ocrx_word' id='word_1_258' title='bbox 1270 4144 1330 4202; x_wconf 77' lang='grc' dir='ltr'>τῶν</span> <span class='ocrx_word' id='word_1_259' title='bbox 1346 4145 1422 4220; x_wconf 80' lang='grc' dir='ltr'><em>φοι·-</em></span> 
     </span>
    </p>
   </div>
   <div class='ocr_carea' id='block_1_5' title="bbox 343 4330 1422 4561">
    <p class='ocr_par' dir='ltr' id='par_1_6' title="bbox 343 4330 1422 4561">
     <span class='ocr_line' id='line_1_32' title="bbox 379 4330 1422 4401; baseline 0.005 -21"><span class='ocrx_word' id='word_1_260' title='bbox 379 4330 625 4391; x_wconf 77' lang='lat' dir='ltr'>¹lPlut.Rorn.14.</span> <span class='ocrx_word' id='word_1_261' title='bbox 678 4331 1422 4401; x_wconf 59' lang='grc' dir='ltr'>2ΗῙονινο,1ἰ.1νῖ.ΙΙ.1;Οἰο.(Ιοιῑνίιὶο,ΙῘ.47ἓθὸ,</span> 
     </span>
     <span class='ocr_line' id='line_1_33' title="bbox 343 4413 1420 4486; baseline 0.006 -22"><span class='ocrx_word' id='word_1_262' title='bbox 343 4415 378 4464; x_wconf 73' lang='lat' dir='ltr'>nal</span> <span class='ocrx_word' id='word_1_263' title='bbox 392 4413 444 4465; x_wconf 82' lang='lat' dir='ltr'>Att.</span> <span class='ocrx_word' id='word_1_264' title='bbox 463 4418 499 4466; x_wconf 85' lang='lat'>11.</span> <span class='ocrx_word' id='word_1_265' title='bbox 519 4422 547 4476; x_wconf 88' lang='grc'>8,</span> <span class='ocrx_word' id='word_1_266' title='bbox 566 4416 641 4468; x_wconf 86' lang='lat' dir='ltr'>XIV.</span> <span class='ocrx_word' id='word_1_267' title='bbox 663 4424 709 4482; x_wconf 74' lang='lat'>143</span> <span class='ocrx_word' id='word_1_268' title='bbox 727 4418 800 4470; x_wconf 76' lang='lat' dir='ltr'>Orirl.</span> <span class='ocrx_word' id='word_1_269' title='bbox 819 4418 890 4468; x_wconf 83' lang='lat' dir='ltr'>Foat.</span> <span class='ocrx_word' id='word_1_270' title='bbox 906 4420 954 4471; x_wconf 91' lang='lat' dir='ltr'>IV.</span> <span class='ocrx_word' id='word_1_271' title='bbox 971 4423 1035 4479; x_wconf 77' lang='lat'>8203</span> <span class='ocrx_word' id='word_1_272' title='bbox 1053 4421 1216 4472; x_wconf 87' lang='lat' dir='ltr'>Zonar.VII.</span> <span class='ocrx_word' id='word_1_273' title='bbox 1233 4425 1257 4470; x_wconf 82' lang='grc'>3.</span> <span class='ocrx_word' id='word_1_274' title='bbox 1311 4418 1332 4486; x_wconf 69' lang='lat'>³)</span> <span class='ocrx_word' id='word_1_275' title='bbox 1350 4421 1420 4472; x_wconf 86' lang='lat' dir='ltr'>Plut.</span> 
     </span>
     <span class='ocr_line' id='line_1_34' title="bbox 346 4500 1127 4561; baseline 0.006 -11"><span class='ocrx_word' id='word_1_276' title='bbox 346 4500 416 4550; x_wconf 67' lang='lat' dir='ltr'>Prone.</span> <span class='ocrx_word' id='word_1_277' title='bbox 436 4507 480 4561; x_wconf 73' lang='lat'>153</span> <span class='ocrx_word' id='word_1_278' title='bbox 499 4502 574 4553; x_wconf 89' lang='lat' dir='ltr'>Dion.</span> <span class='ocrx_word' id='word_1_279' title='bbox 589 4503 649 4552; x_wconf 87' lang='lat' dir='ltr'>Hal.</span> <span class='ocrx_word' id='word_1_280' title='bbox 667 4505 704 4553; x_wconf 90' lang='lat' dir='ltr'>II.</span> <span class='ocrx_word' id='word_1_281' title='bbox 724 4509 765 4553; x_wconf 84' lang='lat'>31.</span> <span class='ocrx_word' id='word_1_282' title='bbox 818 4501 839 4560; x_wconf 73' lang='lat'>4)</span> <span class='ocrx_word' id='word_1_283' title='bbox 857 4505 934 4556; x_wconf 88' lang='lat' dir='ltr'>Dion.</span> <span class='ocrx_word' id='word_1_284' title='bbox 954 4506 1014 4556; x_wconf 88' lang='lat' dir='ltr'>Hal.</span> <span class='ocrx_word' id='word_1_285' title='bbox 1032 4506 1066 4555; x_wconf 87' lang='lat' dir='ltr'>Ii.</span> <span class='ocrx_word' id='word_1_286' title='bbox 1086 4510 1127 4555; x_wconf 83' lang='lat'>38.</span> 
     </span>
    </p>
   </div>
   <div class='ocr_carea' id='block_1_6' title="bbox 0 0 1610 5294">
    <p class='ocr_par' dir='ltr' id='par_1_7' title="bbox 0 0 1610 5294">
     <span class='ocr_line' id='line_1_35' title="bbox 0 0 1610 5294; baseline 0 0"><span class='ocrx_word' id='word_1_287' title='bbox 0 0 1610 5294; x_wconf 95' lang='lat' dir='ltr'> </span> 
     </span>
    </p>
   </div>
  </div>
 </body>
</html>
