3154 5294
441 440 462 519 ς
484 439 511 500 7.
533 456 664 500 annates
684 458 790 501 casser
811 460 848 502 sn
870 460 979 505 carmi.
1191 442 1248 506 167

175 631 311 699 beudam
332 632 461 710 attinet,
484 654 567 724 quae
586 633 748 700 annalium
770 647 837 701 erat
855 636 1033 716 confectio,
1057 638 1124 703 sine
1143 660 1238 703 orna·

170 747 283 813 mentis
303 758 513 812 monumenta
531 746 635 813 solum
657 758 853 837 temporum,
872 749 1032 830 locorum,
1055 750 1236 830 bominum,

168 870 392 949 gestarumque
409 882 514 925 rerum
531 859 757 950 relinquebant
772 861 835 940 illi,
852 883 948 930 unam
962 862 1090 930 dicendi
1107 863 1235 930 laudem

168 973 355 1039 brevitatem
373 996 439 1039 esse
460 972 639 1052 credentes,
663 973 709 1039 nil
729 974 907 1066 quidquem
925 1000 962 1043 ex
983 976 1134 1043 hocloco
1156 1000 1235 1045 con-

168 1085 255 1150 ficias
276 1083 364 1175 quod
383 1083 423 1149 ad
443 1083 585 1174 linguam
604 1085 730 1152 attinet.
776 1083 891 1176 Neque
920 1086 1001 1153 alter
1019 1086 1076 1154 ille
1099 1088 1197 1155 Tullii
1221 1104 1231 1143 ¹

167 1197 256 1263 loeus
276 1210 362 1264 recte
381 1220 439 1288 pro
459 1197 518 1263 hac
535 1197 644 1288 lingua
661 1199 765 1264 afferri
782 1211 905 1290 potest,
925 1199 981 1266 ubi
1004 1199 1095 1267 dicit:
1114 1203 1233 1271 »abest

168 1312 296 1377 bistoria
319 1311 471 1378 alitteris
497 1312 626 1390 nostris,
658 1335 732 1378 nam
823 1312 849 1378 si
866 1311 907 1378 ad
929 1313 1082 1392 Fabium,
1114 1327 1169 1383 out
1191 1316 1231 1382 ad

167 1423 373 1491 Vennonium
394 1425 516 1502 venias,
606 1423 683 1514 quid
706 1436 771 1489 tam
790 1425 871 1492 erile
893 1447 988 1516 quam
1009 1426 1061 1492 isti
1078 1428 1232 1493 omnesi''

165 1550 198 1602 at
213 1536 292 1626 quid
310 1558 428 1626 quaeso
446 1536 535 1602 aliud
551 1535 629 1603 dicit
640 1535 765 1616 Cicero,
780 1560 877 1629 quam
888 1538 1060 1607 desiderari
1070 1539 1233 1613 historiam

165 1650 362 1729 Romanam,
385 1673 458 1715 narn
489 1650 546 1715 illo
575 1651 704 1717 nomine
731 1650 879 1742 indignos
899 1674 966 1718 esse
990 1652 1120 1720 annales
1141 1653 1232 1731 istos,

164 1763 293 1854 respicit
326 1787 402 1853 ergo
438 1764 574 1830 sormam
608 1775 641 1830 et
677 1764 811 1853 stylum,
843 1787 883 1830 an
914 1764 1056 1856 linguam
1086 1788 1232 1858 quoque,

166 1876 259 1943 valde
280 1876 408 1956 dubito;
432 1899 469 1943 ex
491 1875 552 1943 hoc
572 1876 685 1942 saltem
706 1878 916 1944 incertissimo
938 1879 1059 1945 indicio
1081 1879 1233 1971 equidem

163 1991 213 2056 nil
230 1989 436 2058 confecerim.
461 1989 725 2074 Quinctilianus²
747 2002 857 2057 contra
875 2003 907 2057 et
922 1989 1044 2057 Nonius
1063 2000 1075 2039 ³
1094 1993 1231 2059 afferunt

164 2103 263 2170 rerba
293 2104 396 2196 prisea
426 2103 556 2183 Latina,
590 2104 706 2195 quibus
736 2126 811 2170 usus
839 2115 886 2171 est
917 2105 1038 2182 Pictor3
1075 2104 1233 2172 Gelliuss

163 2215 283 2283 deinde
315 2240 353 2283 er
384 2216 475 2283 Fabii
509 2216 677 2282 annalibus
705 2216 921 2307 fragmentum
951 2217 1052 2307 probe
1084 2217 1235 2285 Latinum

162 2329 313 2397 serravit.
346 2329 385 2395 ln
410 2328 459 2395 his
481 2330 665 2419 praesertim
684 2328 763 2396 locis
781 2328 951 2395 haeserunt
970 2330 1101 2419 plurimi
1114 2347 1138 2409 ⁵,
1159 2332 1233 2421 qui·

165 2444 225 2510 bus
245 2443 396 2509 Latinum
416 2466 496 2533 opus
515 2441 697 2508 condidisse
718 2442 825 2508 Pictor
845 2441 989 2522 ridetur3
1012 2443 1162 2533 equidem
1184 2445 1235 2510 lo-

163 2579 241 2623 cum
269 2555 363 2621 illum
390 2555 483 2622 Fabii
511 2554 641 2646 quidem
663 2577 815 2621 essenon
836 2555 1031 2645 negaverim,
1056 2570 1091 2623 ut
1113 2557 1234 2623 Gellius

165 2669 278 2747 habet,
302 2691 366 2734 non
382 2691 456 2734 vero
474 2668 621 2747 Pictoris,
645 2667 732 2758 quod
750 2689 929 2759 cognomen
945 2668 979 2733 in
995 2670 1108 2737 ceteris
1125 2671 1233 2737 Picto-

164 2806 237 2849 rum
259 2782 441 2871 fragmentis
470 2781 581 2847 sedulo
610 2763 791 2872 adscripsit,
821 2781 911 2872 atqui
930 2781 1030 2848 Fabio
1056 2781 1234 2850 Serviliano

165 2896 255 2961 bunc
274 2895 380 2961 locum
403 2894 589 2973 vindicabo,
613 2918 710 2985 quem
734 2895 845 2961 Latine
867 2894 1026 2985 scripsisse
1046 2893 1234 2985 Dionysium
1270 2960 1275 2967 .

164 3008 263 3075 modo
285 3007 463 3075 audirimus
488 3020 668 3073 testantem.
716 3006 924 3091 Quinctilium
953 3006 1117 3098 Noniique
1146 3010 1234 3076 locos

166 3146 231 3188 non
254 3121 373 3206 Quinto
393 3132 502 3187 nostro
524 3120 711 3187 tribuendos
738 3142 867 3199 censeo,
897 3143 1090 3208 praenomen
1111 3146 1234 3213 nempe

165 3248 281 3302 neuter
307 3234 488 3324 adscripsit,
522 3233 577 3299 sed
605 3233 715 3299 Servio
746 3233 847 3298 Fabio
875 3232 1008 3311 Pictori,
1039 3235 1095 3323 qui
1120 3235 1233 3303 Latine

163 3347 313 3416 condidit
334 3368 431 3438 opus3
453 3369 538 3436 quae
558 3347 664 3412 omnia
685 3346 863 3411 accuratius
883 3344 966 3411 inira
985 3343 1146 3413 indicabo.

212 3460 276 3528 Sed
307 3458 393 3526 aliud
418 3460 496 3550 quid
516 3471 582 3538 est,
613 3459 717 3526 obstat
737 3458 813 3524 huic
831 3482 921 3525 meae
940 3458 1084 3549 opinioni
1101 3460 1233 3526 unicum

165 3575 264 3655 illud,
285 3573 372 3665 quod
392 3572 516 3639 Nonius
532 3572 670 3639 eundem
682 3574 795 3638 anuuit
813 3583 976 3638 auctorem
986 3571 1128 3649 iislocis,
1153 3595 1233 3662 quos

166 3712 203 3754 er
224 3689 295 3779 ipso
315 3699 504 3778 argumento
523 3698 655 3777 apparet
672 3685 833 3751 desumtos
851 3706 917 3750 esse
933 3707 971 3749 ex
986 3683 1087 3750 Servii
1098 3685 1232 3752 Pictoris

11 3776 12 3863 i
64 3838 66 3844 ·
166 3801 256 3868 libris
276 3801 353 3866 iuris
372 3800 545 3891 pontificii,
562 3798 658 3878 etiis,
674 3799 790 3888 quibus
805 3797 935 3862 titulum
949 3796 1003 3862 dat
1014 3797 1084 3863 lies
1099 3798 1234 3866 Gestae.

165 3914 257 3989 Hanc
280 3914 322 3980 ob
342 3936 467 3979 causam
496 3913 592 3979 multi
612 3913 718 3978 conati
747 3923 821 3976 sunt
841 3911 929 3975 litem
951 3910 996 3975 sic
1024 3933 1232 4002 componere,

165 4041 200 4095 ut
228 4025 356 4093 Servius
385 4024 501 4090 Fabius
533 4023 640 4089 Pictor
667 4022 809 4088 historici
840 4043 971 4112 quoque
998 4024 1100 4112 operis
1121 4024 1231 4091 fuisset

164 4128 292 4220 auctor,
316 4137 370 4204 sed
389 4137 471 4203 inira
490 4136 572 4202 hanc
593 4136 774 4226 opinionem
789 4135 991 4200 incertiorem
1011 4158 1077 4202 esse
1095 4136 1231 4204 demon-

166 4254 289 4332 strab03
313 4251 369 4318 alii
397 4263 507 4318 contra
535 4250 623 4316 locos
650 4273 687 4317 ex
707 4249 797 4314 libris
822 4249 898 4313 iuris
923 4249 1078 4339 pontificii
1098 4264 1229 4343 propter

195 4418 215 4486 ¹)
234 4418 442 4484 Delep.1.2§6.
487 4414 720 4483 2)Ῑ.Ο.Ι.6912.
760 4413 780 4479 ³)
798 4418 833 4467 V.
845 4414 973 4465 Picumnus
986 4432 1009 4482 p.
1025 4418 1201 4469 355ed.Gerl.
1213 4428 1237 4469 et

161 4505 234 4555 Roth.
284 4503 304 4570 4)
320 4505 354 4556 V.
366 4509 389 4553 4.
440 4500 460 4568 ⁵)
475 4504 581 4565 Becker,
593 4501 662 4554 Rom.
673 4501 723 4553 Ata.
734 4503 756 4552 1.
767 4496 812 4561 lc,
825 4502 985 4566 Schwogler,
996 4499 1028 4550 R.
1041 4499 1072 4552 G.
1081 4505 1103 4553 Ι.
1116 4508 1181 4555 7611.
1197 4510 1234 4554 16.
