3154 5294
355 445 376 527 5
398 448 426 507 5.
448 462 561 506 accron
582 462 742 508 suasurus.
762 445 784 527 ς
804 445 834 507 6.
856 460 965 507 scuras
986 463 1073 508 assu.
1187 447 1245 508 159

177 653 276 707 torem
300 640 361 705 sibi
387 640 536 730 elegisse,
560 651 692 706 nonest
714 640 800 730 quod
831 640 998 718 miremur,
1024 641 1082 730 qui
1101 641 1186 705 enim
1207 641 1240 706 in

177 754 285 843 aliqua
313 776 347 818 rc
377 754 525 844 princeps
555 764 621 830 est,
650 752 731 818 solet
751 752 819 818 fieri
845 752 908 818 dur
929 764 961 817 et
980 753 1161 830 acetariis,
1185 753 1241 842 qui

175 879 245 958 post
273 866 364 932 illum
397 865 532 931 eandem
560 889 626 931 rem
656 878 810 943 tractant,
845 864 932 955 quod
964 865 1049 956 apud
1079 866 1240 932 Romanos

176 1002 304 1071 quoque
330 979 373 1044 ita
394 978 530 1059 accidit,
564 979 620 1044 ubi
645 978 744 1044 semel
769 978 892 1070 publici
914 978 991 1045 iuris
1014 992 1081 1046 erat
1100 978 1239 1058 lactum,

175 1093 260 1182 quod
285 1092 407 1159 tamdiu
431 1093 568 1159 latuerat
591 1094 624 1158 in
649 1091 893 1158 commentariis.

516 1277 533 1361 §
559 1279 590 1341 6.
638 1274 758 1339 Fontes
782 1272 891 1338 Fabii.

219 1430 387 1521 Sequitur,
417 1444 454 1497 ut
478 1431 582 1497 dicam
607 1455 644 1497 ex
669 1432 860 1521 quibusnam
880 1429 1025 1496 lontibus
1045 1430 1163 1498 Fabius
1185 1454 1239 1496 sua

174 1544 328 1625 hauserit,
353 1568 435 1635 quae
454 1568 502 1610 res
522 1545 631 1611 multis
658 1545 900 1611 difficultatibus
922 1544 1074 1635 impedita
1098 1543 1241 1622 ridetur,

172 1681 244 1723 nam
257 1680 339 1748 quae
355 1659 564 1725 innotuerunt
579 1659 619 1725 de
635 1659 773 1749 publicis
791 1658 983 1738 Annalibus,
1000 1658 1153 1725 Maximus
1164 1657 1238 1723 solo

171 1772 424 1861 Pontificiosque
446 1772 560 1851 libros,
580 1773 623 1837 ita
654 1784 728 1837 suut
754 1785 952 1863 comparata,
975 1783 1012 1836 ut
1032 1770 1240 1837 diversissima

173 1884 212 1951 da
235 1885 303 1949 istis
330 1884 511 1950 censuerint
536 1883 595 1948 riri
625 1881 727 1961 docti,
751 1884 808 1972 qui
826 1882 866 1948 dc
885 1881 1048 1971 proposito
1068 1881 1161 1948 illum
1181 1906 1239 1948 an·

175 1997 330 2087 tiquitatis
350 1997 457 2062 locum
479 1995 751 2062 administrarunt.
800 1994 907 2061 Verbo
923 1994 1059 2060 sufficiat
1075 1995 1171 2084 igitur
1186 1995 1240 2061 hic

171 2110 351 2176 nominasse
385 2109 630 2175 commentarios
659 2109 851 2199 pontificum
881 2130 1008 2174 necnon
1040 2109 1239 2198 gentilicios,

168 2246 248 2312 quos
270 2223 456 2314 praesertim
478 2222 555 2288 adiit
576 2234 684 2287 noster
711 2245 748 2286 cr
774 2242 846 2287 mea
871 2221 982 2286 saltem
1007 2221 1174 2311 opinione;
1197 2245 1238 2286 an

169 2349 333 2428 praeterea
352 2338 482 2427 antiqua
503 2336 561 2401 ista
579 2345 805 2414 monumenta,
830 2355 912 2423 quae
932 2333 986 2398 alii
1003 2332 1152 2423 deinceps
1168 2334 1238 2400 adi-

170 2463 280 2529 erunt,
304 2449 447 2528 foedera,
472 2449 570 2514 libros
585 2448 716 2526 linteos,
732 2447 793 2513 alia
810 2445 904 2511 huius
919 2446 1043 2535 generis
1062 2447 1238 2527 consuluit,

170 2560 359 2652 tabulasque
386 2561 565 2640 censuales,
593 2582 721 2650 prorsus
741 2559 932 2648 ignoramus.
980 2557 1126 2648 Denique
1146 2560 1239 2650 equi·

171 2673 243 2741 dem
268 2673 310 2740 de
328 2674 418 2740 l'abii
439 2674 583 2741 fontibus
605 2673 664 2740 hoc
685 2685 811 2739 tantum
833 2672 1016 2751 statuerim,
1045 2695 1118 2738 eum
1141 2674 1237 2763 longe

171 2790 262 2877 plura
283 2811 319 2855 ex
338 2787 524 2878 aequalibus
545 2789 677 2854 testibus
697 2786 830 2853 oculatis
849 2798 904 2851 aut
925 2809 1034 2851 eorum
1058 2787 1130 2853 liliis
1144 2787 1236 2853 audi·

173 2902 263 2980 risse,
290 2901 378 2991 quod
396 2902 435 2966 ad
455 2901 540 2967 bella
559 2902 677 2967 Punica
697 2901 826 2979 attinet;
847 2898 888 2965 dc
906 2900 1016 2989 priscis
1037 2912 1134 2990 atque
1153 2900 1236 2965 anti-

170 3017 241 3105 quis
267 3016 347 3081 ratio
373 3016 494 3081 incerta
518 3028 579 3094 est,
609 3015 735 3081 ridetur
754 3014 915 3102 vulgarem
938 3013 1100 3104 quandam
1118 3014 1235 3080 lamam

169 3141 295 3193 secutus
310 3150 391 3207 esse,
409 3126 474 3194 sire
493 3129 526 3193 iu
551 3128 664 3217 tulgus
684 3140 759 3194 nota
779 3127 891 3204 fuerit,
915 3127 979 3191 sire
999 3149 1036 3191 er
1059 3125 1237 3193 Annalibus

171 3239 314 3307 Maximis
336 3240 544 3331 descriptam,
568 3241 655 3331 quod
675 3240 824 3330 equidem
843 3239 1043 3329 probabilius
1063 3240 1199 3306 credam.

216 3353 314 3420 Cuius
336 3355 381 3418 rei
405 3355 437 3419 in
458 3377 572 3443 magna
603 3353 803 3419 dubitatione
828 3375 891 3417 non
913 3352 1030 3418 mirum
1062 3365 1124 3430 est,
1148 3351 1234 3442 quod

172 3467 266 3532 multi
300 3466 447 3532 ardenter
476 3467 665 3556 arripuerint
695 3465 890 3532 Plutarchi¹
924 3465 1049 3544 locum,
1084 3466 1140 3531 ubi
1167 3488 1235 3532 me·

171 3592 312 3646 moratur
321 3579 448 3646 Diocles
460 3579 681 3670 Peparetbius,
696 3580 752 3669 qui
762 3577 937 3646 secundum
949 3578 1155 3644 Plutarchum
1168 3579 1235 3668 pri·

170 3715 238 3758 mus
264 3693 391 3760 Graecis
417 3693 548 3759 tradidit
568 3693 664 3759 Urbis
684 3692 832 3757 conditae
852 3691 1032 3771 historiam,
1053 3715 1151 3782 quem
1173 3693 1235 3758 Fa·

171 3805 240 3873 bius
261 3810 292 3872 ἐν
319 3815 383 3878 τοῖς
408 3807 567 3879 πλείστοις
589 3818 716 3872 secutus
736 3818 798 3884 cst3
832 3805 887 3871 sed
912 3805 1039 3871 Diocles
1069 3806 1234 3871 nonnullis

170 3915 305 3990 ὕποπτος
349 3932 396 3984 est
436 3931 565 4009 propter
594 3920 629 3983 rb
661 3918 851 3998 δραματικὸν
893 3919 946 3984 uui
984 3921 1231 3997 πλασματῶδες.

170 4031 229 4097 Pro
265 4031 327 4097 hoc
361 4031 562 4112 testimonio,
592 4030 679 4121 quod
704 4029 805 4097 solum
835 4042 913 4108 stat,
937 4030 1106 4096 adducitur
1124 4031 1232 4097 resur

170 4145 273 4225 locus,
297 4168 362 4235 quo
382 4146 467 4211 idem
487 4146 552 4210 lere
570 4145 696 4211 Diocles
712 4143 877 4210 tradidisse
894 4145 1027 4235 lingitur
1043 4144 1083 4210 ab
1100 4145 1234 4225 Ursino,

170 4260 222 4348 qui
243 4258 333 4323 locus
356 4271 441 4324 extra
460 4281 588 4325 censum
608 4269 749 4338 maneat,
774 4280 847 4323 nam
866 4258 898 4322 in
920 4281 985 4351 quo
1002 4259 1097 4327 cardo
1119 4281 1233 4351 quaes·
1288 4323 1291 4330 ,

195 4499 215 4569 1)
232 4470 303 4552 uam.
323 4507 353 4563 a,
372 4508 395 4553 s.
465 4499 486 4569 ²)
505 4504 539 4556 v.
556 4499 636 4553 Rene
652 4517 677 4568 p.
696 4468 755 4553 ris.

534 4673 547 4709 δ
