3154 5294
292 487 323 538 o.
333 482 437 528 rarius
448 483 478 528 n.
490 484 517 528 r.
530 484 557 535 o.
570 484 597 528 n.
609 482 760 527 anscerus
770 464 825 547 (9).
846 465 867 546 ς
880 472 907 529 1.
923 482 1088 529 eoonousn.
1191 467 1229 529 ct

164 686 238 730 vero
260 687 277 728 a
297 660 459 730 Ciceronis
479 661 607 753 ingenio
628 660 795 740 abhorret,
818 662 852 727 ni
872 662 984 741 fallor,
1004 662 1030 728 si
1050 661 1112 728 hoc
1132 684 1227 729 roca·

164 777 241 843 bulo
272 798 335 842 non
367 776 433 842 sine
462 775 575 841 aculeo
603 797 677 840 usus
707 786 802 854 esset;
829 776 893 841 scio
916 775 1047 866 quidem
1072 775 1227 841 Plancum

171 902 243 981 post
275 889 384 979 plures
409 910 533 954 menses
559 886 689 954 demum
711 901 895 954 accusatum
916 910 982 953 esse
1002 888 1068 953 imo
1093 886 1228 954 damna·

163 1015 247 1080 tum,
269 1001 322 1069 sed
343 1001 487 1067 odiosum
509 1000 702 1066 vocabulum
717 1024 735 1066 e
752 1023 786 1066 re
802 1000 949 1066 Tulliana
968 1000 1032 1065 sire
1052 999 1229 1066 Miloniana

163 1127 231 1180 crat
260 1108 416 1180 omnino(
447 1113 544 1179 Porro
571 1114 661 1178 locus
689 1137 727 1181 ex
757 1114 930 1179 orationa¹
959 1135 1042 1203 quae
1067 1111 1229 1179 Ciceronis

164 1250 228 1293 non
249 1240 310 1294 est:
336 1249 467 1318 »quum
480 1225 630 1294 Clodium
646 1226 828 1292 ambustum
844 1227 1086 1316 religiosissimis
1104 1226 1230 1316 ignibus

163 1342 328 1430 cognori',
347 1352 434 1406 extra
456 1362 586 1406 censum
605 1352 747 1420 maneat3
770 1362 874 1431 neque
898 1339 962 1405 buc
985 1338 1159 1406 trahendus
1183 1353 1231 1406 est

167 1453 291 1520 toeus2
322 1453 425 1544 ignoti
447 1453 598 1519 auctoris:
634 1454 720 1544 »qui
742 1454 901 1519 ambustas
923 1452 1122 1520 fortunarum
1142 1477 1231 1520 mea-

163 1588 234 1632 rum
265 1564 415 1656 reliquias
442 1589 512 1632 suas
538 1566 571 1631 ia
597 1566 709 1632 domos
730 1565 925 1656 comportari
946 1566 1128 1646 iuberent”‚
1157 1590 1232 1632 nans

164 1678 273 1744 nullus
293 1700 397 1744 sermo
425 1679 462 1743 lit
483 1679 693 1744 accusationis
713 1699 817 1768 neque
836 1678 1061 1758 absolutionis,
1090 1692 1126 1744 ut
1145 1692 1232 1745 recte

165 1792 326 1882 perspexit
347 1790 565 1870 Forcellinus,
594 1792 748 1881 reliquiae
776 1815 810 1857 re
832 1813 903 1857 vera
924 1792 1090 1857 ambustae
1110 1791 1232 1857 intelli-

163 1916 288 1993 gantur.
341 1903 493 1995 Sequitur
527 1927 564 1969 ex
596 1903 646 1970 his
680 1905 827 1970 omnibus
856 1904 1107 1995 metaphoricam
1138 1903 1233 1971 huius

170 2016 259 2082 verbi
290 2018 555 2108 significationem
583 2041 647 2085 non
675 2017 754 2097 adeo
778 2019 883 2083 tritam
904 2041 986 2097 esse,
1010 2041 1106 2108 quam
1126 2019 1236 2084 multis

166 2129 307 2208 videtur,
341 2130 398 2220 qui
425 2130 509 2196 male
538 2142 676 2220 quatuor
705 2130 772 2195 istis
798 2130 876 2195 locis
900 2131 1070 2196 firmabant
1096 2131 1236 2198 Ernestii

167 2245 483 2335 interpretationem
511 2242 660 2333 equidem
681 2243 731 2308 rel
752 2244 785 2308 in
807 2243 942 2308 dubium
967 2243 1164 2324 vocaverim,
1197 2264 1238 2309 an

166 2380 291 2448 semper
311 2378 403 2422 causa
423 2356 567 2447 capitalis
587 2356 695 2422 subsit.

215 2468 378 2560 Quidquid
409 2482 471 2549 est,
508 2470 691 2536 Facciolato
726 2493 789 2535 non
820 2472 973 2536 assentior
1002 2470 1153 2536 scribenti
1187 2470 1235 2560 ig-

168 2596 246 2649 nota
275 2583 435 2649 decanea
469 2581 508 2666 Q.
527 2582 663 2649 Fabium
694 2583 826 2672 eiusque
856 2583 967 2648 fratres
994 2582 1056 2648 hoc
1079 2583 1238 2674 accepisse

166 2718 366 2788 cognomen,
386 2719 459 2762 nam
479 2719 512 2761 re
532 2719 603 2762 sera
631 2696 734 2761 fertur
760 2695 794 2761 in
818 2697 867 2761 ius
895 2719 962 2761 esse
983 2708 1128 2775 vocatus,
1149 2697 1238 2788 quod

168 2833 242 2877 cum
263 2809 363 2876 Gallis
381 2821 576 2900 pugnaverat
597 2821 707 2876 contra
726 2809 774 2875 ius
794 2809 953 2899 gentium,
967 2833 1005 2875 ex
1020 2809 1239 2876 Romanorum

168 2926 284 2991 saltem
307 2924 475 3013 opinionc3
505 2946 543 2988 ex
564 2922 626 2988 hoc
645 2923 791 3014 periculo
812 2925 929 3001 erasit,
959 2935 995 2988 ut
1020 2921 1126 2989 statim
1151 2923 1241 2991 ride·

168 3041 297 3116 bimus,
320 3047 489 3127 postquam
511 3035 550 3101 ad
570 3037 727 3127 populum
749 3059 798 3102 res
819 3048 900 3102 essct
919 3035 1033 3102 delata.
1083 3034 1241 3104 Convenit

169 3177 246 3244 ergo
276 3149 360 3215 illud
392 3149 517 3215 etiamsi
545 3172 609 3214 non
640 3149 728 3215 omni
751 3150 882 3215 nomine
906 3172 980 3215 curn
1001 3150 1149 3216 vocabuli
1170 3175 1239 3216 am·

171 3266 259 3332 busti
276 3262 519 3354 significatione3
540 3261 627 3352 quod
647 3284 825 3353 cognomen
841 3263 879 3328 iis
895 3261 1038 3328 adhaesit
1056 3274 1240 3354 propterea,

167 3378 257 3470 quod
280 3401 328 3442 res
355 3376 411 3441 illa
432 3376 505 3441 satis
525 3375 626 3464 granis
646 3375 761 3454 fuerit,
785 3399 859 3442 nam
878 3398 1055 3466 numquam
1077 3388 1170 3442 autea
1190 3401 1239 3443 se·

167 3504 262 3558 natus
288 3489 485 3566 consultum,
516 3500 552 3552 ut
582 3488 708 3567 lerunt,
737 3513 756 3554 a
787 3489 909 3580 populo
936 3502 1003 3555 erat
1027 3491 1238 3581 antiquatum.

171 3602 268 3695 Apud
289 3602 414 3667 Livium
437 3614 468 3667 et
488 3601 663 3669 Diodorum
683 3602 817 3692 legimus
837 3602 968 3693 quidem
991 3625 1092 3669 unum
1115 3615 1241 3671 tanturn

169 3719 211 3782 de
231 3716 334 3782 tribus
355 3715 506 3781 fratribus
525 3715 558 3780 in
578 3715 628 3780 ius
647 3728 796 3780 vocatum
815 3737 898 3795 esse,
922 3715 976 3780 sed
997 3713 1091 3781 facile
1112 3715 1240 3782 credam

169 3844 234 3896 tres
263 3830 354 3908 illos,
387 3830 442 3919 qui
471 3826 615 3895 Clusium
642 3828 729 3892 missi
754 3839 863 3903 crant,
899 3830 944 3895 sic
963 3828 1083 3894 iudicio
1108 3829 1240 3897 erasisse

168 3955 304 4034 propter
324 3943 417 4006 unius
433 3941 666 4006 absolutionem
691 3942 781 4031 atqui
800 3940 861 4006 hoc
881 3943 1070 4033 cognomine
1091 3955 1239 4009 ornatum

167 4079 239 4122 esse
257 4078 323 4121 non
343 4065 467 4119 tantum
489 4052 643 4137 Quintum
661 4066 804 4120 nostrum
822 4076 932 4120 rerum
951 4054 1141 4121 Numerium
1157 4078 1239 4146 quo·

168 4191 236 4260 que
268 4180 300 4233 et
327 4167 504 4233 Kaesonem
526 4166 660 4233 eandem
681 4167 842 4233 fortunam
862 4182 1025 4259 expertos3
1049 4171 1155 4261 potuit
1176 4169 1239 4235 sal·

169 4295 239 4350 tem
259 4280 393 4371 posteris
412 4278 512 4345 rideri
531 4303 579 4344 res
599 4280 642 4344 ita
662 4280 821 4346 accidisse.

201 4524 222 4591 ¹)
244 4521 285 4574 De
301 4525 400 4591 temp.
416 4538 483 4589 resp.
502 4527 517 4572 3
537 4523 552 4586 ξ
570 4528 594 4572 4.
664 4518 685 4588 ²)
703 4518 757 4570 Pro
775 4519 841 4571 domo
859 4524 892 4570 43
912 4523 927 4585 ς
947 4525 1004 4571 113.

1062 4607 1081 4667 6
