3210 5300
320 444 381 507 aba
497 461 525 510 o.
547 461 650 505 ramos
672 463 700 512 o.
721 463 749 505 r.
770 460 801 503 u.
823 460 851 503 n.
873 461 1004 504 rrarruus
1024 459 1137 504 conces
1158 443 1234 526 (23).

334 660 397 729 qua
427 661 527 729 quum
555 639 609 705 hic
638 638 737 704 alteru
764 638 833 704 rice
861 638 1064 728 iungeretur,
1093 638 1167 704 tulit
1196 639 1396 705 utilissimam

333 751 486 819 Marciam
515 752 636 841 legem,
668 774 731 841 qua
763 751 797 816 in
829 764 996 842 posterum·
1026 751 1169 818 censorio
1198 774 1263 819 non
1291 752 1402 818 liceret

255 904 263 915 ·
335 886 501 931 censuram
521 878 630 955 petere
654 876 678 931 ¹.
1228 852 1231 858 ¹

383 977 554 1045 Videamus
582 977 621 1043 de
652 977 740 1043 bello
768 977 961 1047 Volsiniensi
989 987 1022 1056 ²,
1053 977 1117 1044 siue
1144 989 1180 1042 ut
1209 1000 1280 1043 rera
1307 976 1402 1042 huius

334 1092 474 1158 nominis
491 1091 647 1183 scriptura
668 1091 793 1157 ridetur
814 1091 1035 1156 Volsiniensi
1039 1140 1048 1170 ,
1068 1112 1165 1181 quam
1183 1090 1269 1156 Fasti
1287 1091 1402 1156 trium·

337 1203 449 1296 phales
467 1203 602 1284 habent,
626 1216 661 1271 ut
680 1216 712 1270 et
735 1204 848 1295 optimi
869 1205 956 1271 Flori
977 1204 1119 1284 codices,
1142 1229 1175 1295 p.
1197 1209 1218 1270 3
1239 1216 1272 1270 et
1291 1209 1332 1270 26
1353 1204 1404 1271 ed.

335 1317 436 1399 Iahn,
460 1320 517 1409 qui
536 1331 643 1385 tamen
664 1317 877 1408 negligentius
897 1318 951 1384 hic
971 1319 1109 1385 formam
1129 1340 1188 1410 per
1205 1342 1239 1398 o,
1262 1318 1331 1383 illic
1346 1339 1405 1409 per

335 1456 358 1497 u
384 1431 516 1521 scripsit.
564 1430 759 1495 Habitabant
776 1429 826 1495 illi
846 1430 992 1496 Etruriae
1017 1444 1140 1521 partem
1161 1431 1281 1496 circum
1298 1429 1404 1495 lacum

336 1544 592 1622 Vulsiniensem,
621 1544 674 1608 eui
700 1542 823 1608 adiacet
848 1541 888 1609 ad
916 1542 1082 1611 Orientem
1107 1543 1260 1609 Umbriae
1290 1544 1403 1609 infima

337 1680 428 1750 pars;
460 1679 542 1748 quae
570 1656 680 1722 civitas
703 1667 735 1721 et
754 1657 898 1746 potentia
919 1668 951 1721 et
973 1658 1034 1722 situ
1057 1657 1226 1722 fortissima
1249 1656 1405 1746 bonisque

338 1771 463 1860 legibus
491 1770 617 1847 fruens,
647 1791 713 1834 uon
738 1769 833 1834 facile
853 1793 871 1833 a
892 1769 1045 1835 Romanis
1066 1769 1191 1835 devicta
1211 1781 1275 1849 est3
1300 1788 1405 1858 neque

338 1894 446 1948 tamen
475 1893 619 1947 constare
647 1880 806 1970 suspicor,
835 1880 998 1945 fuerintne
1022 1880 1072 1945 illi
1092 1879 1244 1945 Romanis
1265 1881 1406 1960 subacti,

340 2019 415 2061 nam
446 2006 557 2086 utpote
581 1994 690 2059 civitas
709 1992 872 2059 foederata
892 1994 955 2059 suis
978 1993 1144 2058 fruebatur
1163 1992 1288 2082 legibus
1310 2004 1407 2083 atquo

340 2110 513 2186 institutis,
537 2131 596 2173 nec
619 2106 812 2173 extrinsecus
833 2106 918 2171 bella
939 2107 1098 2171 movebat.
1146 2107 1192 2171 Er
1213 2106 1279 2170 otio
1300 2108 1407 2172 autem

340 2246 414 2289 mox
433 2220 553 2286 desidia
570 2231 637 2285 orta
657 2231 719 2297 est,
743 2240 817 2283 nam
832 2217 928 2282 serris
945 2216 1161 2281 Volsinienses
1177 2215 1407 2282 commiserunt

341 2358 406 2402 non
431 2344 556 2421 tantum
590 2355 672 2422 quae
693 2330 746 2395 isti
771 2329 937 2395 hominum
959 2329 1066 2418 generi
1086 2342 1158 2394 suut
1178 2328 1406 2419 relinquenda,

341 2471 452 2515 rerum
482 2447 579 2511 etiam
607 2443 786 2508 difficiliora
806 2441 978 2533 quaedam,
1002 2464 1070 2508 rem
1093 2443 1274 2523 militarem
1291 2464 1409 2533 nempe

342 2559 581 2652 publicamque.
628 2555 702 2621 Non
723 2556 838 2621 mirum
866 2554 941 2620 inde
967 2566 1111 2620 secutum
1139 2577 1218 2634 esse,
1244 2554 1331 2645 quod
1356 2576 1408 2619 ex·

343 2672 480 2764 spectari
502 2680 646 2762 poterat,
677 2691 780 2734 servos
806 2669 838 2733 iu
860 2667 1064 2733 dominorum
1085 2668 1192 2733 locum
1212 2668 1409 2746 subvenisse,

343 2795 440 2872 atque
461 2804 513 2848 eos
534 2802 642 2869 regere
663 2782 719 2868 qui
736 2779 866 2870 regendi
883 2790 982 2844 erant.
1012 2776 1136 2868 Operae
1148 2778 1286 2868 pretium
1308 2792 1354 2846 est
1368 2779 1408 2846 de

343 2895 405 2961 hac
432 2905 554 2959 mutata
574 2893 740 2959 hominum
763 2892 952 2957 condicione
973 2891 1143 2982 inspexisse
1164 2889 1331 2973 Orosium,
1355 2895 1410 2985 qui

344 3019 472 3099 praeter
490 3007 660 3073 consulum
682 3007 812 3073 nomina
832 3005 918 3073 idem
938 3016 1054 3071 narrat.
1102 3004 1196 3071 Hunc
1215 3005 1324 3073 locum
1344 3030 1408 3072 non

345 3128 391 3187 er
408 3118 520 3186 Orosio
545 3120 711 3212 descripsit
729 3118 948 3210 Freeulphus,
972 3119 1028 3210 qui
1049 3130 1154 3184 totum
1173 3119 1240 3185 fere
1262 3118 1412 3187 Orosium

345 3235 379 3299 in
396 3257 468 3300 suos
484 3232 622 3301 Annales
641 3233 818 3311 transtulit,
842 3232 896 3298 sed
918 3256 955 3298 ea
976 3233 1112 3311 ratione,
1137 3244 1228 3298 ntea
1248 3257 1330 3323 quae
1342 3247 1411 3300 tae-

345 3347 449 3426 deret,
476 3348 637 3415 omitteret
656 3361 688 3413 et
710 3346 750 3413 ad
776 3369 857 3412 nora
883 3369 1029 3437 quaeque
1052 3347 1197 3412 transiret
1215 3371 1274 3439 per
1294 3349 1412 3415 solem·

347 3484 389 3526 ne
415 3483 510 3527 suum
534 3459 693 3551 »Igitur'’,
716 3482 780 3550 quo
797 3459 1007 3525 diversissima
1025 3482 1173 3551 quaeque
1195 3460 1308 3549 iungit.
1337 3459 1418 3526 Fre·
1510 3492 1513 3499 ·

350 3572 486 3664 eulphus
508 3585 520 3623 ³
542 3584 649 3638 autem
669 3572 800 3638 Florum
819 3584 874 3638 aut
893 3571 1085 3638 Iomandem
1104 3572 1209 3663 potius
1228 3572 1413 3663 descripsit,

352 3710 416 3778 quo
441 3687 523 3753 duce
548 3685 652 3751 obiter
675 3683 893 3751 emendandus
915 3698 962 3751 est
982 3687 1034 3752 bic
1054 3687 1143 3752 locus
1165 3687 1375 3754 »libertatem
1395 3711 1414 3753 a

351 3800 489 3866 dominis
518 3799 592 3864 data
621 3810 731 3864 contra
756 3799 839 3891 ipsos
858 3824 895 3866 se
914 3803 1111 3880 erexerunt'’,
1140 3799 1197 3865 ubi
1227 3823 1302 3866 oum
1321 3800 1418 3866 Floro

351 3909 592 3980 rescribendum
622 3911 832 3987 »libertatem
860 3934 878 3976 a
905 3910 1042 3977 dominis
1068 3909 1173 3976 datam
1199 3923 1310 3977 eontra
1333 3911 1417 4002 ipsos

353 4025 548 4093 erexerunt.'’
808 4094 810 4101 <
1372 4010 1376 4016 ⁸

398 4138 501 4204 Huius
526 4158 632 4202 rerum
660 4147 757 4202 status
780 4159 880 4227 quum
901 4135 1029 4202 tandem
1052 4118 1212 4229 principes
1234 4116 1416 4228 pertaesum

354 4264 453 4331 esset,
471 4250 556 4315 clam
573 4248 790 4315 Romanorum
811 4249 963 4316 auxilium
984 4251 1283 4342 circumspexerunt.
1330 4248 1433 4341 Missi*

384 4411 405 4477 ¹)
422 4412 480 4462 Liv.
498 4411 566 4475 upit.
583 4410 664 4472 xvh
681 4412 786 4477 Eutrop.
803 4412 841 4462 11.
862 4417 908 4472 183
925 4413 990 4463 Val.·
1002 4413 1075 4464 Max.
1093 4412 1143 4464 IV.
1163 4418 1188 4464 l.
1201 4419 1232 4472 3;
1249 4412 1319 4465 Plut.
1335 4406 1388 4462 cor.
1401 4413 1425 4458 l.

350 4495 371 4566 ²)
388 4497 457 4548 Flor.
472 4496 494 4548 1.
510 4501 557 4558 213
573 4495 645 4548 Oros.
660 4497 709 4550 IV.
726 4501 754 4560 ⁵5
772 4497 863 4548 Zonar.
878 4499 955 4551 VIII.
976 4500 1000 4550 7.
1069 4494 1090 4567 ⁵)
1106 4499 1143 4550 11.
1161 4513 1197 4553 rr.
1217 4502 1262 4551 28.
