3190 5304
270 494 297 543 o.
309 491 450 541 ssuruse.
462 492 489 534 r.
502 492 528 541 o.
541 490 568 534 n.
580 489 710 534 urxruus
720 473 795 554 (53).
806 471 828 553 ᾗ
841 472 866 533 t.
878 488 1089 534 exnunauarus
1100 471 1169 534 663.
1221 471 1277 531 tlt

216 679 338 760 quanto
366 666 467 733 maius
496 688 593 758 quam
618 666 686 757 ipsc
713 664 825 732 Cicero
848 665 882 730 in
902 662 1111 731 Mureniana
1142 664 1232 730 affort
1261 687 1279 728 a

216 781 322 849 Fabio
336 802 403 846 csse
424 779 510 846 dicta
527 780 561 844 in
581 791 724 846 extremo
741 777 882 844 Africani
899 776 966 857 die,
990 776 1023 843 id
1041 789 1087 843 cst
1105 777 1139 841 in
1154 777 1277 842 funere

217 894 310 960 Fabii
336 915 429 958 causa
454 893 664 982 fragmentum
693 891 884 958 adscribam:
918 890 1149 982 »Quapropter
1174 913 1280 980 neque

217 1017 307 1072 tanta
333 1006 392 1071 diis
422 1005 658 1073 immortalibus
683 1006 782 1095 gratia
805 1004 915 1070 baberi
935 1016 1055 1095 potest,
1080 1017 1200 1094 quauta
1221 1001 1281 1069 ha·

217 1118 322 1186 bonda
350 1130 411 1198 est,
442 1117 528 1209 quod
554 1120 580 1184 is
603 1142 677 1185 cum
695 1119 755 1185 illo
774 1119 882 1183 animo
902 1128 1002 1207 atque
1019 1116 1145 1206 ingenio
1165 1116 1198 1181 in
1218 1115 1279 1181 hac

217 1232 345 1299 ciuitate
373 1232 573 1322 potissimum
605 1244 700 1297 uatus
726 1232 781 1311 sit,
812 1253 916 1322 neque
946 1230 991 1296 ita
1020 1230 1155 1295 moleste
1183 1241 1280 1318 atque

217 1369 309 1436 aegre
338 1345 414 1411 ferri
444 1368 541 1435 quam
571 1344 740 1411 ferendum
767 1356 831 1426 est,
853 1344 933 1435 quin
952 1365 991 1410 co
1012 1342 1125 1408 morbo
1143 1353 1282 1408 mortem

217 1459 299 1524 obiit
322 1470 355 1524 et
382 1458 414 1522 in
435 1457 549 1524 eodem
574 1469 719 1549 tempore
740 1457 849 1550 periit,
874 1479 975 1547 quum
998 1468 1030 1522 et
1049 1455 1140 1523 robis
1159 1466 1190 1521 et
1213 1476 1283 1520 om·

219 1572 329 1653 nibus,
355 1572 411 1663 qui
430 1571 512 1637 hanc
532 1572 763 1663 rempublicam
785 1572 903 1638 salsam
924 1570 1036 1638 solunt
1056 1569 1193 1635 maxime
1211 1568 1283 1634 riro

218 1708 296 1776 opus
317 1697 364 1752 est
388 1685 554 1769 Quirites?

576 1846 594 1930 §
622 1845 673 1909 11.
719 1842 882 1908 Nummus
910 1855 934 1910 ¹.

264 2024 367 2117 Caput
388 2023 472 2091 loris
494 2024 606 2089 Araris
626 2024 805 2089 laureatum
827 2035 859 2088 ct
877 2023 1035 2101 imberbe‚
1059 2023 1118 2088 sub
1137 2043 1200 2111 quo
1219 2019 1284 2085 lul-

217 2161 312 2217 men,
335 2136 607 2205 AIMILIANI
621 2136 744 2215 dllius,
768 2157 853 2225 pone
871 2134 973 2201 PRO
996 2132 1169 2200 COnSule.

264 2250 405 2316 Victoria
440 2252 475 2315 in
507 2250 587 2338 bigis
615 2248 877 2328 decurrentibus,
911 2247 971 2312 sub
1000 2246 1114 2336 quibus
1147 2245 1285 2334 Quintus

219 2362 481 2440 MAXIMUS,
505 2363 539 2428 iu
562 2362 629 2427 imo
652 2361 807 2428 ROMA.

265 2476 408 2542 Goltzius
435 2474 521 2540 buno
544 2496 713 2540 nummum
733 2474 874 2565 protulit
890 2473 930 2539 ad
953 2471 1151 2562 Allobrogici
1169 2492 1285 2537 consu-

218 2590 337 2670 latum3
366 2599 464 2679 caput
489 2588 569 2654 illud
597 2587 680 2653 loris
703 2588 782 2679 quid
803 2588 953 2679 respiciat
972 2588 1173 2677 ignoramus,
1197 2586 1286 2652 cole·

218 2704 312 2768 batur
329 2702 482 2768 imberbis
496 2702 551 2767 ille
563 2701 642 2766 deus
652 2700 685 2765 in
699 2701 873 2792 Campania
884 2703 918 2766 in
931 2701 1009 2766 urbe
1023 2701 1142 2767 Anxur.
1168 2698 1286 2767 Contra

219 2815 316 2882 fidem
336 2815 431 2880 huius
448 2814 568 2881 denarii
585 2815 688 2880 afferri
705 2826 828 2904 potest,
853 2814 941 2904 quod
960 2814 1146 2880 iudicaverit
1162 2826 1285 2904 patrem

219 2929 319 2995 nostri
349 2939 418 2994 toto
446 2930 512 2993 eius
542 2929 673 2993 nomine
704 2928 881 3017 adscripto,
912 2927 988 2993 dum
1014 2929 1045 2992 in
1072 2927 1172 2993 Fastis
1197 2926 1286 2993 verbi

219 3064 327 3107 causa:
351 3041 387 3125 Q.
409 3040 491 3107 Aim.
513 3040 535 3106 f.
555 3041 671 3131 legitur
690 3053 721 3106 et
738 3041 872 3120 rectius,
898 3041 1010 3130 opinor
1018 3062 1027 3120 ;
1050 3053 1121 3105 tum
1142 3038 1287 3106 desidero

218 3155 362 3245 exempla
390 3154 609 3233 denariorum,
641 3155 673 3219 in
697 3177 834 3244 quorum
856 3167 941 3219 recta
961 3164 1051 3243 parte
1071 3175 1190 3218 nomen
1211 3174 1285 3217 cum

218 3269 424 3360 praenomine
445 3270 578 3358 legatur,
598 3270 631 3334 iu
644 3291 749 3335 aversa
769 3291 843 3334 vero
862 3265 961 3358 patris
981 3289 1108 3331 nomen.
1139 3265 1286 3354 Denique

219 3383 419 3474 proconsulis
441 3383 541 3448 nostri
563 3381 603 3447 de
629 3381 857 3471 Allobrogibus
877 3380 1005 3445 victoria
1026 3401 1090 3468 quo
1112 3377 1209 3443 modo
1230 3399 1286 3442 co-

219 3494 347 3562 haereat
367 3519 440 3562 cum
461 3495 535 3561 lore
557 3494 617 3562 isto
638 3494 776 3560 imberbi
796 3516 833 3558 ac
845 3471 1007 3571 dulmine,
1031 3514 1095 3556 non
1115 3491 1283 3582 perspicio.

597 3773 777 3846 CAPUT
811 3771 911 3845 XIV.

363 3930 504 3992 curuans
527 3929 645 3979 saurus
668 3928 697 3988 o,
721 3927 750 3974 r.
776 3927 806 3988 o.
830 3927 860 3975 u.
884 3925 1033 3974 unx1uus
1059 3908 1142 3997 (53).

501 4060 519 4142 §
546 4058 577 4122 1.-
623 4052 863 4120 Exderedatus
887 4055 956 4117 663
981 4063 1009 4117 ².

266 4205 489 4296 Allobrogicus
510 4204 633 4275 huncce
654 4205 809 4290 Quintum
831 4202 1017 4296 progenuit,
1042 4201 1093 4267 cui
1114 4224 1178 4268 non
1198 4213 1285 4268 recte

221 4319 419 4412 Allobrogici
437 4343 595 4412 agnomen
615 4320 815 4410 adscripsisse
836 4318 963 4386 uidetur
983 4315 1120 4384 Orellius
1139 4316 1172 4381 in
1196 4316 1285 4383 Ono-

238 4535 259 4603 ¹)
269 4537 347 4590 Vaill.
357 4536 404 4589 ΝΟ.
418 4543 448 4587 13
454 4558 462 4598 ;
471 4536 537 4588 Mor.
548 4535 624 4590 XVI.
638 4541 676 4587 13.
701 4533 721 4600 2)
730 4536 781 4589 Cic.
796 4533 866 4586 Tusc
876 4536 900 4587 Ι.
910 4540 942 4586 33
950 4534 1011 4600 §815
1020 4534 1081 4589 Vol.
1091 4533 1164 4585 Max.
1172 4533 1225 4584 ΠΙ.
1235 4536 1258 4582 5.
1268 4538 1292 4582 2.
