3194 5302
6 4412 7 4423 t

6 4426 8 4443 l

317 485 346 536 u.
358 485 461 529 ruerus
472 482 499 528 r.
510 484 538 530 r.
550 484 711 531 vraucasns
722 463 777 546 (2).
818 466 879 549 §L
900 468 1130 530 meconites.
1223 471 1263 533 27

194 661 353 740 durasset,
386 682 458 726 nam
490 659 595 727 statim
623 659 704 727 aliae
724 660 864 728 iamdiue
885 660 924 727 ad
945 661 1084 728 eundem
1104 662 1260 731 honorem

193 785 423 867 pervenerunt,
452 773 578 864 sibique
602 772 694 864 plebs
717 773 891 864 postularit
919 773 987 839 iura
1008 787 1104 864 atque
1128 775 1261 866 privile·

193 888 258 978 gia,
282 889 335 954 oui
363 887 412 952 sel
435 882 553 952 Fabius
571 908 654 952 unus
674 897 707 952 et
728 886 810 952 alter
827 887 1056 979 aliquantisper
1073 889 1263 979 propensior

192 1001 289 1069 fuisse
308 1000 454 1066 traditur.
502 999 587 1084 Quid
606 1023 714 1066 revera
734 999 850 1079 subsit,
874 1001 954 1067 latet
978 1000 1098 1080 adbuc,
1123 1001 1177 1067 sed
1198 1000 1261 1068 hoo

193 1114 303 1182 saltem
334 1136 372 1180 er
401 1124 521 1204 septem
548 1112 612 1179 illis
641 1113 862 1178 consulatibus
894 1113 1054 1204 sequitur,
1084 1114 1260 1181 dummodo

192 1227 267 1292 talia
287 1226 393 1317 urgeri
408 1226 530 1316 possint
545 1238 577 1292 et
592 1226 680 1292 omni
698 1227 829 1292 nornine
846 1226 944 1293 fidem
960 1239 1158 1306 mersantur,
1177 1250 1260 1294 non·

192 1324 269 1406 dum
290 1340 375 1430 leges
395 1339 525 1407 annales
547 1339 626 1405 latas
648 1362 732 1419 esse,
761 1362 844 1431 quae
870 1362 969 1407 annos
992 1340 1261 1432 praescriberent,

191 1465 263 1545 post
281 1476 363 1544 quos
383 1453 513 1519 demum
534 1451 646 1519 eodem
665 1453 852 1542 magistratu
875 1453 946 1544 quis
964 1453 1167 1544 fungeretun
1192 1464 1261 1520 tum

192 1565 289 1632 iidem
319 1566 369 1632 illi
398 1566 582 1633 consulatus
611 1566 717 1657 palam
748 1566 841 1632 nobis
869 1566 1007 1646 iaciunt,
1031 1566 1110 1657 quid
1133 1567 1260 1658 patricii

193 1680 242 1746 illi
262 1692 340 1746 tnnc
358 1680 538 1772 potuerint,
568 1680 624 1770 qni
644 1702 733 1770 reges
755 1680 943 1770 expulerant
971 1690 1003 1747 et
1023 1702 1110 1746 nunc
1131 1680 1262 1746 nomine

192 1793 348 1859 libertatis
368 1793 491 1859 scilicet
511 1815 568 1858 suo
591 1792 698 1859 lubitu
724 1792 958 1883 rempublicam
980 1791 1261 1870 administrabant,

191 1918 223 1972 et
246 1906 369 1973 miseris
392 1905 528 1995 plebeiis
548 1905 669 1972 domini
687 1905 763 1972 faeti
788 1917 877 1971 erant
899 1906 1069 1973 severiores
1091 1928 1188 1996 quam
1209 1906 1261 1971 rel

193 2018 384 2110 Tarquinius
411 2017 532 2085 luisset.
580 2017 750 2102 Quomodo
777 2031 850 2109 post
872 2018 1013 2084 infinitas
1040 2018 1106 2084 lere
1128 2017 1262 2084 dixerim

190 2130 300 2196 turbas
329 2142 361 2196 et
389 2130 611 2197 contentiones
636 2130 791 2221 paulatim
819 2130 1020 2221 plebeiorum
1052 2154 1100 2197 res
1127 2131 1262 2198 creverit

189 2255 222 2309 et
249 2241 379 2308 tandem
405 2242 613 2334 patriciorum
634 2243 839 2334 aequiparata
859 2242 974 2324 fuerit,
997 2244 1093 2310 docet
1115 2242 1262 2323 historia,

190 2355 246 2422 sed
266 2353 316 2421 bis
337 2356 427 2421 annis
442 2356 619 2446 plurimum
635 2356 776 2446 potuisse
794 2355 971 2446 oligarchos
987 2355 1063 2422 istos
1076 2356 1261 2447 optimates,

189 2492 256 2534 non
279 2480 327 2534 est
349 2467 436 2559 quod
457 2468 651 2535 dubitemus.

235 2580 326 2651 ldem
346 2582 428 2648 illud
444 2582 517 2648 luce
538 2582 652 2648 clarius
674 2582 821 2673 apparuit
836 2581 941 2672 primo
958 2581 1050 2648 Fabii
1066 2582 1166 2647 nostri
1182 2604 1261 2648 cou-

189 2695 297 2761 sulatu
315 2695 350 2761 in
370 2716 463 2760 eausa
483 2694 631 2761 Cassiana
653 2705 682 2773 ¹,
711 2694 752 2760 de
777 2716 840 2784 qua
865 2694 989 2760 etiarnsi
1007 2706 1140 2785 propter
1160 2694 1261 2761 lamas

188 2810 251 2874 sibi
277 2806 414 2874 inuicem
441 2809 613 2875 contrarias
634 2809 701 2873 lere
721 2807 839 2874 inritus
860 2829 947 2874 nunc
966 2807 1081 2873 dicam.
1128 2806 1262 2873 Funda-

188 2933 336 2988 mentum
365 2920 517 2988 historiae
545 2920 600 3012 sp.
633 2920 733 2988 Cassii
763 2921 896 3012 eiusque
925 2920 1140 2986 damnationis
1163 2920 1260 2987 fuisse

188 3033 318 3100 ridetur
336 3057 408 3101 area
428 3047 501 3100 aute
523 3033 634 3099 aedem
655 3033 790 3100 Telluris
810 3046 843 3099 et
863 3032 986 3100 Cereris
1005 3034 1128 3124 signum
1148 3034 1261 3100 inille

189 3150 334 3239 templo,
358 3149 411 3214 cui
432 3148 620 3238 inscriptum
643 3167 685 3213 ux
707 3167 818 3215 crssta
839 3165 1128 3227 brettenbrunum
1153 3147 1262 3237 plures

187 3263 274 3329 enim
302 3261 445 3328 eiusdem
468 3260 546 3326 deae
565 3268 710 3341 χαλκοῦς
735 3259 919 3342 ἀνδριάντας
941 3260 1054 3339 fuisse,
1078 3272 1114 3325 ut
1137 3259 1261 3348 Diony-

188 3378 252 3443 sius
282 3375 424 3467 scripsit,
456 3398 521 3440 non
552 3373 722 3441 verisimile
752 3384 809 3439 est.
858 3371 1028 3457 Quaeritur
1056 3373 1141 3439 unde
1171 3373 1258 3439 ista?

185 3488 373 3582 Respondet
393 3488 494 3554 fama:
519 3485 644 3553 Cassius
664 3487 758 3553 tertio
779 3486 891 3552 consul
910 3510 1045 3577 regnum
1068 3486 1260 3566 affectabat,

185 3603 276 3694 quod
298 3625 393 3669 nemo
414 3612 539 3694 praeter
556 3612 679 3692 patrem
698 3613 905 3690 cognoverat,
939 3603 996 3692 qui
1023 3602 1150 3691 cognita
1172 3600 1260 3666 dorni

185 3740 299 3796 causa,
332 3717 397 3782 sire
425 3715 572 3780 adhibito
603 3716 860 3806 propinqnomm
889 3714 1041 3793 consilio,
1071 3714 1136 3780 sire
1156 3737 1190 3779 re
1217 3714 1258 3779 ad

186 3842 333 3899 senatum
351 3827 469 3907 delata,
494 3828 598 3893 filium
614 3827 791 3893 verberarit
807 3839 839 3893 et
856 3828 996 3907 necarit,
1021 3826 1170 3916 bonaque
1183 3826 1258 3893 eius

185 3942 298 4010 Cereri
326 3943 532 4010 consecrarit.
580 3942 724 4008 Valerius
755 3942 910 4009 Maximus
938 3942 1026 4034 gravi
1052 3965 1159 4008 errore
1182 3965 1258 4009 eum

184 4058 354 4124 tribunum
375 4056 481 4149 plebis
500 4056 598 4122 luisse
618 4055 758 4147 scripsit,
773 4056 827 4122 sed
849 4054 980 4147 Pighius
999 4056 1124 4147 prasius
1143 4057 1259 4123 errarit

186 4169 364 4241 resoribens
394 4193 469 4236 eum
500 4194 600 4237 »cum
620 4170 776 4235 tribunis”
797 4169 880 4236 illud
900 4169 1051 4236 molitum
1071 4194 1154 4251 essa,
1185 4193 1257 4236 nam

219 4442 239 4509 ι)
257 4444 312 4495 nv.
331 4445 367 4494 11.
388 4448 437 4504 n,
456 4448 503 4503 42;
521 4442 597 4494 nnn.
614 4443 676 4494 rra.
694 4443 773 4494 vm.
794 4444 908 4503 n-so;
925 4442 1000 4495 naa
1018 4444 1071 4498 stc.
1088 4443 1137 4496 x1.
1153 4442 1265 4504 anmi.

180 4528 256 4580 Max.
273 4532 309 4582 v.
329 4534 353 4580 s.
372 4534 403 4592 a,
423 4530 471 4581 vr.
491 4534 516 4578 a
537 4534 565 4589 1;
583 4528 652 4581 Pru.
671 4525 707 4579 Η.
726 4525 764 4580 Ν.
781 4526 916 4582 xxxiv.
933 4535 963 4592 4,
982 4533 1006 4581 s.
