3212 5294
355 418 417 480 266
498 437 525 485 o.
548 433 650 476 rarius
672 432 703 475 u.
725 433 752 474 r.
775 433 802 477 u.
825 433 853 475 u.
875 432 1004 475 uraruus
1026 430 1190 477 aventinus
1210 417 1286 499 (17).

355 626 479 679 tantum
499 612 650 689 mutarit,
674 632 756 701 quae
779 608 973 698 reipublicae
993 610 1125 675 exitium
1146 612 1341 692 attulissent,
1365 613 1420 681 de·

356 725 454 815 nique
483 723 610 790 ordines
642 723 842 812 temperavit.
900 722 1003 788 Probe
1035 722 1210 790 tenendum
1241 739 1288 791 est
1316 739 1419 794 tamen

354 837 480 904 Livium
509 836 592 902 hanc
620 858 732 926 urgere
752 859 900 915 causam,
924 837 980 926 qui
998 836 1139 926 patriciis
1158 837 1331 906 admodum
1353 853 1419 907 stu·

354 952 424 1029 det,
459 952 535 1017 dum
566 949 657 1015 Fabii
683 950 831 1040 aequales
862 972 900 1015 ex
929 949 1041 1015 ordine
1064 950 1193 1040 plebeio
1214 953 1327 1019 codem
1346 978 1419 1021 eum

354 1086 467 1129 ornare
498 1075 671 1154 potuerunt
693 1063 885 1153 cognomine
911 1076 1042 1154 propter
1064 1065 1213 1132 virtutem
1235 1067 1419 1148 militarem,

353 1177 493 1269 denique
513 1190 649 1268 utraque
669 1201 717 1243 res
738 1177 876 1242 multum
898 1174 973 1242 huic
993 1178 1176 1267 cognomini
1195 1180 1331 1247 larebat.

626 1363 644 1445 §
669 1362 719 1425 13.
768 1357 940 1446 [Dictator
965 1356 1005 1427 ll.
1031 1364 1095 1425 453
1110 1361 1145 1449 ¹.]

380 1520 406 1579 Q.
424 1514 524 1565 rictus
543 1517 580 1563 M.
598 1515 627 1564 F.
645 1517 678 1564 N.
696 1514 893 1565 martirius
911 1514 1073 1565 acutianus
1092 1516 1113 1563 ll
1129 1515 1200 1563 uter.
1218 1517 1267 1563 REl
1283 1517 1348 1567 GER.
1364 1518 1387 1569 C.

381 1603 409 1649 ll.
429 1601 584 1648 AEMILIUS
599 1602 628 1649 L.
647 1600 676 1648 F.
695 1600 724 1649 L.
744 1600 771 1648 N.
791 1599 917 1647 cubitus
937 1600 1006 1647 MAG.
1026 1600 1069 1663 EQ.

399 1738 488 1804 luter
505 1735 592 1801 hunc
613 1757 733 1800 anuum
753 1735 947 1826 tertium-que
965 1736 1109 1802 Rulliani
1128 1738 1327 1803 consulatum
1347 1762 1418 1829 sep·

352 1864 417 1918 tem
448 1852 525 1917 anni
553 1849 760 1941 praeterlapsi
786 1861 869 1915 sunt.
915 1847 1050 1915 Cuinam
1071 1851 1117 1916 rei
1137 1850 1343 1918 tribuendum
1363 1853 1420 1930 sit,

351 1964 438 2055 quod
457 1965 606 2055 princeps
627 1962 682 2027 ille
704 1963 826 2028 tamdiu
847 1986 864 2026 a
884 1962 1049 2053 republica
1070 1964 1276 2044 abstinuerit,
1296 1977 1419 2031 certant

352 2077 409 2142 riri
438 2076 543 2155 docti;
579 2099 650 2142 rera
681 2098 775 2142 causa
806 2075 901 2154 latet,
934 2099 994 2142 nec
1018 2100 1092 2149 vero
1112 2076 1262 2144 abhorret
1284 2078 1419 2169 suspicio

352 2191 503 2256 Rulliaoo
530 2190 666 2256 bellicae
695 2190 813 2279 gloriae
843 2188 1032 2254 laxationem
1057 2190 1230 2279 placuisse,
1254 2214 1418 2256 censuram

352 2327 453 2394 quum
465 2315 603 2394 peterem
622 2302 710 2393 quod
722 2325 838 2369 munus
850 2324 950 2392 quum
962 2326 1047 2368 anno
1061 2307 1125 2369 450
1141 2306 1285 2393 gesserit,
1301 2304 1418 2369 diutius

351 2418 582 2509 aliquantisper
610 2418 643 2482 in
675 2440 709 2483 re
740 2416 828 2481 cirili
859 2416 960 2504 degit,
995 2428 1030 2480 ut
1054 2438 1091 2481 ea
1111 2417 1271 2482 ordinaret
1291 2418 1417 2507 opinor,

352 2555 434 2623 quae
456 2554 494 2596 er
516 2531 659 2596 tribuum
680 2530 859 2596 mutatione
879 2540 1103 2618 sequerentur.

397 2643 480 2709 Belli
511 2640 674 2707 historiam
707 2665 772 2706 non
803 2641 894 2708 lubet
921 2663 1125 2731 percurrere,
1149 2666 1255 2733 neque
1274 2666 1353 2735 opus
1373 2657 1419 2710 est

353 2757 392 2822 ad
413 2756 499 2821 hunc
517 2755 659 2820 Rulliani
678 2754 832 2819 honorem
850 2755 952 2844 probe
968 2755 1230 2845 intelligendum,
1250 2780 1322 2823 uam
1341 2755 1419 2824 baec

353 2888 484 2958 quoque
504 2864 662 2929 dictatura
678 2864 779 2929 Fabio
795 2865 1008 2931 abiudicanda
1025 2880 1080 2933 est.
1127 2869 1213 2934 Fasti
1229 2869 1312 2934 enim
1333 2872 1418 2936 unici

351 2980 446 3044 huius
475 2978 615 3042 muueris
637 2989 732 3043 testes
752 2990 840 3057 sunt,
872 2978 947 3045 dum
971 2980 1078 3046 Livius
1099 2993 1110 3030 ²
1135 2981 1172 3047 ad
1195 2981 1281 3047 hunc
1301 3008 1418 3050 annum

351 3092 450 3158 reiert
478 3090 670 3156 dictaturam
702 3091 747 3156 rei
776 3091 937 3181 gerundae
964 3115 1057 3157 causa
1083 3092 1126 3159 Μ.
1151 3094 1269 3160 Valerii
1289 3095 1418 3164 Maximi

352 3205 462 3282 Corvi,
482 3204 534 3269 cui
553 3205 586 3269 P.
609 3202 815 3294 Sempronius
834 3205 983 3294 magister
1000 3206 1144 3296 equitum
1162 3208 1238 3287 tui13
1255 3210 1418 3301 subiungit

350 3331 457 3385 autem
478 3320 609 3384 alteram
633 3317 805 3409 quamdam
827 3318 961 3397 lamam,
985 3318 1160 3385 secundum
1182 3344 1277 3411 quam
1300 3321 1337 3407 Q.
1359 3325 1418 3389 lta-

239 3451 241 3455 ·
350 3434 421 3498 blus
447 3433 601 3500 Maximus
627 3433 775 3521 magister
798 3431 855 3496 ille
876 3432 1000 3510 fuisset,
1024 3432 1078 3498 sed
1100 3446 1185 3499 recte
1205 3433 1292 3499 hunc
1313 3434 1415 3503 hono·

350 3569 416 3612 rem
437 3546 487 3612 illi
503 3545 685 3633 denegarit,
706 3546 757 3610 cui
774 3558 841 3610 tum
864 3545 956 3611 Fabii
973 3559 1059 3613 aetas
1075 3562 1106 3614 et
1121 3547 1255 3614 honores
1274 3549 1417 3631 obstant,

348 3672 415 3725 tum
446 3657 529 3724 illud
559 3658 680 3747 ipsum,
715 3657 801 3748 quod
833 3659 984 3748 magister
1011 3661 1070 3726 iste
1100 3661 1230 3728 absente
1260 3663 1415 3731 dictatore

351 3773 462 3838 iecisse
482 3771 629 3837 traditur.
679 3771 846 3836 Fastorum
868 3783 1013 3838 auctores
1035 3787 1160 3854 contra,
1184 3777 1301 3843 utiam
1322 3801 1415 3869 supra

349 3886 464 3978 passim
485 3882 637 3961 uidimus,
661 3894 786 3948 auctam
808 3883 924 3949 lamam
946 3884 1161 3974 arripuerunt,
1185 3911 1268 3978 quae
1285 3891 1325 3955 ab
1347 3891 1415 3956 aliis

350 4002 393 4066 ita
419 3996 581 4064 elaborata
611 3994 749 4073 ridetur,
773 4008 808 4061 ut
828 3994 890 4061 hoc
910 4019 993 4062 anno
1023 3998 1129 4065 nullos
1154 4002 1299 4068 consules
1319 4005 1413 4070 fuisse

350 4113 493 4203 legamus
509 4111 542 4174 in
559 4132 730 4189 marmore,
750 4105 860 4175 rerum
880 4110 1068 4178 dictatorem
1092 4114 1279 4182 Rullianum
1298 4117 1411 4184 deiude

351 4227 525 4293 Valerium.
574 4226 759 4313 anonymus
784 4223 902 4290 Norisii
921 4225 1057 4293 duorum
1077 4222 1206 4298 illorum
1225 4231 1412 4323 cognomina

379 4477 399 4548 ¹)
417 4442 484 4529 i'ast.
501 4475 563 4543 cap.
581 4476 607 4526 h.
623 4492 645 4525 a.
742 4469 763 4539 ²)
782 4473 816 4526 X.
835 4479 914 4526 3—5.
