3194 5302
285 473 326 539 20
546 471 568 554 §
589 474 617 533 5.
639 487 729 532 sacas
751 485 917 532 caprimon
940 481 1096 528 susicana.

292 664 466 757 adoptione
490 689 526 731 ea
551 687 600 730 res
624 664 744 730 intacta
764 673 796 728 et
817 660 917 752 prisca
938 658 1125 751 perdurasse
1147 655 1282 723 traditur
1305 679 1359 722 us·

293 801 358 869 que
388 778 427 844 ad
459 802 526 844 sera
555 790 717 867 tempora,
742 775 794 841 cui
815 775 913 840 leriae
933 774 1073 865 priuatae
1094 771 1225 837 fuerunt
1243 795 1282 836 ex
1303 793 1361 836 usu

293 892 487 957 domesticae
516 889 727 967 celebritatis,
758 901 793 953 ut
820 899 852 952 ct
873 886 1042 965 Aemiliae,
1067 884 1167 950 luliae
1186 896 1218 950 ct
1239 883 1362 949 Corne·

292 1003 355 1070 liae
382 1014 405 1069 ¹'.

340 1115 378 1181 In
406 1115 597 1206 quibusnam
621 1112 716 1179 rebus
739 1123 938 1177 versarentur
954 1110 1010 1175 illa
1030 1132 1132 1188 sacra,
1156 1107 1283 1174 testium
1303 1130 1361 1197 pe-

293 1229 386 1295 nuria
414 1229 511 1307 latet,
543 1249 645 1318 pauca
672 1224 827 1317 quaedam
849 1248 886 1290 ex
906 1224 1050 1315 analogia
1072 1245 1239 1314 possumus
1260 1222 1362 1287 conii·

293 1364 385 1421 cere,
419 1339 464 1405 sic
499 1349 619 1403 statuto
646 1335 789 1427 'quodam
819 1338 882 1401 ritu
910 1334 1031 1401 hostiae
1058 1335 1295 1412 mactabantur,
1324 1355 1384 1412 cr¹

295 1456 399 1546 prisco
433 1475 491 1517 usu
522 1450 693 1516 libationes
726 1449 866 1526 fiebant,
899 1461 1013 1515 cetera.
1069 1448 1211 1514 Pertinet
1245 1445 1362 1511 deinde

297 1567 336 1632 ad
357 1564 436 1631 haec
453 1587 539 1630 sacra
558 1565 637 1630 ritus
653 1561 859 1654 parentandi,
877 1585 942 1653 quo
964 1561 1206 1627 deducebantur
1228 1560 1363 1626 solemni

293 1703 412 1771 pompa
433 1679 472 1744 ad
491 1679 650 1769 sepulcra,
673 1676 833 1767 sacrisque
854 1674 894 1740 ad
912 1675 1033 1741 animas
1051 1678 1207 1741 maiorum
1226 1674 1363 1764 piaculis

294 1790 482 1859 mulcendas
502 1790 638 1882 peractis
662 1787 805 1854 laudatio
825 1789 937 1867 fiebat,
961 1812 1043 1879 quae
1063 1799 1099 1854 ut
1119 1788 1179 1854 rite
1194 1811 1211 1852 a
1229 1787 1364 1878 posteris

296 1907 428 1983 fierent,
450 1905 499 1970 vel
515 1903 623 1969 fundis
643 1901 778 1970 venditis
797 1902 905 1968 iterio
926 1901 1071 1992 sepulcra
1091 1901 1246 1968 intactum
1264 1900 1363 1966 relia-

295 2017 460 2109 quendum
486 2029 564 2084 erat.

341 2130 521 2197 Redeamus
550 2130 590 2195 ad
618 2142 758 2196 nostram
780 2141 923 2220 gentem,
953 2129 1044 2195 cuius
1070 2127 1167 2194 Sacra
1186 2128 1364 2195 accuratius

294 2241 525 2332 aliquantisper
553 2263 649 2332 quam
676 2253 853 2307 ceterarum
874 2241 1018 2330 gentium
1039 2240 1265 2319 innotuerunt,
1289 2263 1363 2306 nam

296 2367 422 2444 tempus
451 2366 483 2419 et
505 2352 595 2419 locus
615 2354 761 2419 sacrificii
781 2376 846 2419 non
871 2354 968 2433 latet,
998 2375 1058 2419 nec
1078 2353 1211 2419 fortasse
1231 2352 1309 2419 deus
1329 2353 1362 2417 in

299 2467 389 2532 cuius
416 2466 571 2533 honorem
601 2467 731 2533 fiebant.
786 2466 859 2532 Non
889 2466 962 2531 dico
992 2490 1121 2557 pravam
1147 2467 1239 2532 istam
1265 2465 1364 2532 cladis

298 2578 513 2646 Cremerensis
533 2578 778 2669 explicationem
798 2601 856 2669 per
875 2602 961 2644 sacra
977 2579 1156 2669 gentilicia,
1173 2602 1268 2669 quam
1286 2578 1364 2643 llio-

296 2691 429 2779 nysius²
451 2691 604 2781 explosit3
625 2682 715 2756 *aliud
738 2703 795 2757 est.
828 2691 925 2756 Fama
948 2694 1034 2758 enim
1055 2693 1095 2757 ad
1115 2716 1173 2757 nos
1194 2692 1364 2784 perrenit⁸

296 2802 415 2869 nobilis
436 2802 586 2867 facinoris
607 2800 642 2868 C.
655 2801 747 2867 Fabii
756 2800 906 2867 Dorsouis
917 2802 1003 2890 (12),
1019 2803 1076 2893 qui
1090 2803 1216 2869 obsesso
1233 2802 1364 2894 Capito-

296 2914 341 2980 lio
363 2916 559 3006 privatorum
578 2937 738 2981 sacrorum
762 2936 870 2995 causa,
895 2939 977 3006 quae
994 2915 1174 3007 peragenda
1194 2930 1283 2983 erant
1301 2929 1364 2983 sta·

299 3040 370 3093 tuto
393 3039 554 3117 tempore,
574 3025 769 3115 Capitolium
785 3027 951 3117 reliquisse
966 3027 1067 3092 fertur
1080 3039 1113 3092 et
1127 3049 1214 3094 sacra
1230 3029 1263 3093 in
1281 3029 1367 3094 colle

299 3139 457 3224 Quirinali
477 3138 609 3218 iecisse,
633 3139 719 3204 unde
739 3140 878 3204 intactus
898 3139 1009 3218 rediit;
1032 3140 1140 3205 infra⁴
1163 3141 1364 3231 explodenda

299 3263 409 3329 crunt,
434 3273 515 3340 quae
541 3250 659 3339 posteri
684 3250 789 3315 minus
810 3262 895 3315 recte
914 3249 1165 3330 admiscuerunt,
1190 3251 1242 3317 sed
1269 3252 1365 3343 quid-

301 3364 380 3454 quid
399 3375 464 3441 est,
484 3362 546 3428 hoc
566 3362 680 3454 procul
696 3362 795 3427 dubio
811 3386 848 3428 ex
867 3363 961 3429 huius
977 3364 1022 3429 rei
1033 3366 1197 3430 mentione
1213 3367 1364 3431 conficio:

300 3500 338 3542 cx
369 3477 528 3543 constanti
555 3477 639 3541 sama
669 3489 767 3566 atque
797 3499 855 3541 usu
885 3478 964 3543 sacri
993 3478 1025 3543 in
1051 3477 1109 3542 illo
1132 3478 1204 3544 loco
1225 3479 1365 3545 faciendi

299 3602 407 3655 natam
433 3614 500 3656 esse
529 3589 744 3670 historiolam,
774 3590 860 3655 unde
888 3590 952 3656 iam
979 3590 1104 3657 deduco
1125 3615 1198 3657 cum
1219 3591 1366 3659 Niebuh-

300 3702 382 3769 ῐίοὅ
414 3727 501 3769 aram
530 3726 655 3769 necnon
676 3702 856 3791 aediculam
877 3703 973 3770 fuisse
996 3705 1103 3771 Fabiis
1127 3706 1160 3770 in
1184 3705 1241 3771 illo
1263 3707 1366 3785 colle,

301 3817 358 3882 ubi
386 3816 518 3884 fortasse
539 3841 607 3882 ossa
626 3840 817 3908 proauorum
837 3818 1059 3907 quiescebant,
1087 3818 1277 3909 inquorum
1296 3842 1365 3885 me-

301 3930 436 3994 moriam
460 3940 541 3993 esset
557 3928 801 4018 parentandum.
834 3927 926 3995 Cadit
942 3929 1022 3994 illud
1040 3953 1146 3996 versus
1162 3932 1259 3997 finam
1276 3932 1365 4010 anni,

302 4042 453 4131 quoniam
488 4040 683 4131 Capitolium
717 4043 877 4121 obsessum
912 4055 959 4108 est
988 4043 1028 4108 ab
1061 4044 1166 4111 idibus
1200 4045 1366 4137 quinctili-

301 4154 361 4219 bus
378 4154 417 4219 ad
437 4155 616 4220 ianuarium
638 4155 689 4221 rel
708 4155 923 4237 februarium
947 4159 972 4222 si
988 4158 1050 4225 iam
1070 4182 1156 4226 sacra
1175 4161 1260 4226 iuter
1280 4160 1367 4224 hunc

325 4434 476 4500 ¹)Meerob.
496 4430 591 4484 saal.
613 4439 652 4484 16.
705 4431 726 4499 ²)
744 4435 794 4486 IX.
816 4441 855 4486 19.
908 4433 928 4503 ὅ)
947 4438 1003 4490 Lir.
1019 4440 1053 4490 V.
1067 4443 1108 4488 46.
1161 4437 1182 4506 ⁴)
1199 4439 1238 4492 cf.
1251 4442 1308 4492 Lib.
1317 4442 1370 4494 111.

292 4520 456 4586 Capris.
527 4516 547 4587 ὁ)
565 4515 599 4568 R.
622 4516 652 4570 G.
671 4521 709 4571 11.
729 4525 776 4569 351
799 4538 824 4571 n.
844 4527 902 4572 811.
