3194 5302
549 948 939 1029 PRAEFATIO.

667 1222 822 1252 <200-

249 1460 376 1531 Qnatnor
402 1459 469 1513 sunt
494 1451 601 1513 abbinc
626 1452 717 1525 anni,
745 1471 831 1533 prum
858 1454 898 1515 ab
920 1451 1068 1515 Certamen
1089 1452 1278 1514 Litterarium

201 1569 307 1631 Ilector
324 1573 350 1627 et
374 1566 497 1627 Senatus
516 1562 685 1624 Academiae
705 1564 997 1627 bllrcnoTraiectinae
1015 1566 1047 1626 in
1068 1582 1177 1626 annum
1197 1563 1275 1627 185³

202 1682 365 1742 incitarunt
401 1676 473 1737 ciues
510 1675 707 1749 Academicos,
743 1677 914 1756 propositis
933 1683 994 1738 tum
1029 1676 1098 1739 aliis
1132 1682 1193 1738 tam
1223 1676 1278 1737 bac

206 1791 387 1873 quaestione:

267 1900 477 1964 »Eubibeatur
494 1897 651 1975 disputatio
669 1899 706 1960 eie
728 1899 815 1961 Gente
830 1898 923 1962 Fabia
943 1899 1057 1979 eiusque
1080 1898 1108 1959 ui
1131 1905 1157 1958 et
1182 1904 1279 1958 aucto·

305 2013 393 2072 ritate
411 2010 443 2069 in
464 2008 576 2069 manate
591 2008 734 2084 Romanu,
753 2029 808 2090 per
824 2019 949 2091 tenpore
967 2009 1074 2071 liberae
1090 2008 1274 2087 reipublicae.

308 2126 372 2197 Quo
390 2119 582 2199 disputatione
599 2128 657 2182 tam
673 2121 765 2200 ipsius
779 2123 872 2200 pentir
889 2123 1061 2202 antiquitas,
1081 2120 1172 2192 ratio,
1193 2120 1276 2180 insti·

306 2242 368 2296 tutu
388 2238 583 2311 exportaretur,
605 2251 690 2311 quam
706 2234 874 2313 principum
893 2254 930 2296 ea
950 2252 984 2295 ea
1003 2234 1144 2305 uirorum,
1165 2232 1214 2312 qui
1232 2232 1278 2293 uel

304 2348 337 2406 iu
355 2345 502 2424 republica
522 2344 567 2404 ael
586 2343 695 2404 artium
715 2353 742 2405 et
758 2345 921 2406 litterarum
937 2346 1040 2406 studiis
1057 2344 1277 2419 inclaruerunt,
1329 2320 1335 2331 ι

305 2464 371 2518 acte
396 2462 660 2528 connumerentur,
688 2474 753 2516 cum
779 2457 922 2519 notatione
946 2461 1189 2516 nmnummtornm
1215 2463 1276 2516 tam

302 2558 479 2648 pricatmnm
505 2584 591 2646 quam
614 2567 812 2646 pullicorum,
831 2567 932 2647 quibus
952 2585 999 2627 res
1019 2566 1089 2627 iliae
1109 2572 1227 2628 testatae
1248 2575 1275 2628 et

311 2680 443 2758 proditae
462 2677 604 2758 suerint.''
712 2718 716 2725 -

250 2906 331 2977 Quae
355 2902 480 2983 quaestio
507 2902 604 2962 statim
629 2900 704 2962 mibi
729 2903 847 2977 arrisit,
874 2903 976 2985 qnippe
1002 2921 1078 2984 quae
1102 2901 1170 2964 talis
1191 2907 1278 2972 osset,

206 3016 255 3086 id,
283 3015 355 3094 quoa
381 3032 438 3074 uon
464 3031 573 3092 sernper
599 3011 654 3073 leuc
679 3014 712 3073 in
738 3033 771 3075 re
800 3014 890 3076 locum
919 3015 1024 3077 babere
1048 3014 1174 3086 cibetur,
1203 3013 1277 3092 quoa

204 3126 317 3188 etiamsi
337 3126 380 3186 uel
400 3125 439 3187 aa
455 3131 581 3203 optatam
598 3130 701 3185 metam
717 3142 775 3185 reon
791 3127 997 3204 pervenissem,
1018 3133 1112 3188 tumen
1133 3125 1277 3202 cprepium

205 3241 333 3320 fructum
357 3237 424 3297 inde
449 3236 595 3315 percipere
617 3254 742 3315 possem,
772 3245 832 3298 tum
851 3239 925 3318 quael
946 3239 1006 3299 eius
1025 3242 1224 3316 arpumentum
1244 3236 1279 3293 in

205 3370 237 3411 eo
264 3368 361 3429 cumpo
389 3348 547 3410 laborando
563 3356 741 3424 reseretur,
766 3350 797 3411 in
817 3369 872 3430 quo
890 3368 948 3411 non
965 3350 1057 3429 plane
1075 3349 1212 3427 hospitem
1232 3365 1277 3407 mc

204 3481 264 3523 csse
284 3461 432 3534 sentirem,
453 3460 496 3521 itu
515 3469 548 3520 ut
567 3479 631 3538 spes
649 3478 694 3521 me
714 3469 820 3522 teneret
839 3464 904 3541 sore
922 3469 955 3523 ut
976 3462 1089 3521 lcumeri
1109 3460 1181 3522 sutis
1200 3458 1275 3522 ualo-

201 3581 286 3643 rent,·
312 3573 432 3652 denique
458 3573 560 3633 nabau
585 3573 695 3651 suscepi
714 3574 873 3651 nepotinm,
894 3581 927 3634 ut
947 3573 979 3633 in
1000 3581 1140 3634 certamen
1161 3572 1276 3632 descur-

202 3686 312 3757 aeon,
340 3684 373 3744 in
398 3702 452 3764 pao
480 3683 575 3745 labore
599 3702 654 3763 per
676 3702 726 3745 sou
753 3703 862 3746 menses
881 3703 967 3764 prtum
990 3685 1116 3745 intentus
1136 3682 1272 3762 fuissem,

206 3815 279 3876 quoe
305 3795 474 3874 colleperam
500 3802 528 3855 el
553 3794 672 3857 oleariae
697 3798 915 3869 mundaveram,
943 3796 1016 3857 milri
1035 3814 1093 3856 non
1113 3795 1156 3855 itu
1175 3793 1277 3871 displi-

204 3910 319 3979 cebant,
346 3913 380 3967 ut
405 3907 461 3968 illa
485 3906 681 3970 subtraherem
701 3908 927 3968 doctissimorum
946 3908 1072 3977 iudicio;
1092 3924 1150 3966 non
1172 3905 1277 3967 latebat

203 4039 251 4080 me
267 4020 360 4082 multa
380 4019 492 4098 quidem
512 4020 550 4080 iis
569 4020 674 4092 inesse,
701 4038 772 4100 quae
791 4027 948 4081 retractata
968 4019 1026 4080 alio
1045 4018 1127 4078 morlo
1147 4017 1277 4078 coeuntia·

203 4148 264 4192 rem
283 4138 335 4191 aut
354 4131 524 4191 accuratius-
537 4131 677 4209 indupata
697 4132 785 4193 aliter
804 4149 1011 4210 componerem,
1028 4140 1128 4191 'venem
1148 4127 1276 4188 obstabat
1386 4210 1389 4217 Δ

204 4242 367 4304 certaminis
390 4243 482 4314 ratio,
510 4242 657 4321 nunninus
677 4244 796 4306 meliora
816 4242 1074 4323 circumspicerem,
1096 4246 1123 4300 ot
1142 4237 1275 4316 impedie·

203 4355 256 4415 bar
274 4373 348 4434 quae
366 4353 590 4432 conscripseram
608 4355 817 4436 aliprantisper
834 4374 974 4437 prunerc,
994 4371 1092 4417 recens
1105 4357 1194 4431 parta
1211 4355 1269 4411 sta·

205 4466 441 4547 tim'eapromcre
459 4473 579 4530 coactus.
881 4480 884 4485 '
