3210 5300
524 426 545 510 ς
569 429 595 490 l.
617 445 707 489 sonte
727 445 861 490 nnonrrro
882 428 950 490 tou.
1218 428 1279 492 eet

208 618 310 689 currit
339 621 423 689 iuter
454 625 493 687 12
523 622 595 689 illas
624 623 783 703 colonias,
817 646 899 713 quae
927 622 1046 689 milites
1074 621 1277 714 suppeditare

211 736 393 803 abnuerunt
415 759 501 802 anno
521 741 585 803 545
610 749 641 816 ¹,
663 736 749 802 malo
767 759 841 802 cum
860 737 931 802 aliis
951 734 1076 802 trabere
1096 734 1188 801 Fabii
1207 734 1277 800 dic·

212 860 282 915 tum
310 848 351 914 ad
379 849 477 916 Sorae
496 849 711 928 deditionem,
735 872 833 940 quam
855 849 962 917 Livius
985 860 997 898 ²
1023 861 1056 915 et
1081 847 1240 914 Diodorus
1261 856 1274 893 ⁸

212 961 420 1028 tradiderunt.
477 959 545 1027 Neo
580 984 661 1053 opus
699 974 747 1028 est
778 962 911 1027 alteram
941 962 1076 1050 fingere,
1117 958 1276 1051 siquidem

211 1074 303 1140 Atilii
333 1074 492 1140 accusatio
521 1074 720 1166 temporibus
747 1073 825 1140 belli
858 1072 1025 1140 Samnitici
1053 1085 1140 1139 recte
1170 1082 1276 1164 potest

210 1185 485 1278 iungi;Sarnnites
500 1188 585 1254 enim
603 1210 704 1277 quum
716 1188 817 1253 sorios
827 1186 888 1252 sibi
899 1183 1276 1264 adsciverantNucerios,

212 1312 365 1391 ceperunt
392 1300 534 1367 Plistiam
560 1313 673 1366 necato
700 1299 857 1391 praesidio
880 1300 1039 1378 Romano,
1062 1297 1278 1364 moliebantur

211 1436 327 1505 nempe
353 1425 447 1493 tuno,
478 1412 564 1505 quod
591 1436 704 1505 parurn
725 1412 828 1479 abfuit
850 1413 928 1505 quia
947 1413 986 1478 iis
1005 1411 1189 1501 contigerit,
1212 1410 1278 1477 Ro·

210 1550 321 1594 manos
350 1548 388 1594 er
418 1526 591 1619 Campania
620 1526 758 1619 pellere,
792 1538 848 1592 aut
878 1525 960 1592 riam
989 1545 1164 1615 occupare,
1195 1546 1277 1614 quae

152 1669 156 1678 ¹
211 1639 312 1706 Roma
337 1640 368 1706 in
391 1639 598 1731 Campaniam
620 1640 775 1719 ducebat;
797 1638 875 1705 Sora
892 1637 990 1728 igitur
1008 1636 1153 1731 pellendi
1172 1649 1278 1717 erant,

210 1752 296 1843 qnod
317 1775 382 1843 quo
401 1753 527 1820 facilius
545 1755 652 1834 lieret,
669 1763 804 1842 egerant
820 1774 894 1818 cum
915 1749 1060 1831 Soranis,
1075 1773 1134 1816 uec
1150 1750 1278 1830 frustra,

211 1888 286 1931 narn
324 1866 370 1932 nil
409 1866 585 1958 quidquam
620 1867 726 1959 potuit
756 1864 952 1956 praesidium
982 1875 1092 1930 contra
1119 1860 1278 1931 Samnites

212 1978 263 2043 aix
292 1980 458 2060 subactos,
482 1982 601 2072 quibua
620 1981 702 2047 laeta
722 2003 793 2070 spes
813 1978 968 2046 libertatis
988 1977 1170 2068 affulgebat.

258 2090 359 2157 Penes
380 2090 567 2157 Rullianum
591 2091 654 2157 illis
680 2090 878 2182 temporibus
904 2112 1027 2154 summa
1046 2111 1152 2155 rerum
1170 2100 1278 2180 potes·

212 2214 258 2268 tas
286 2216 353 2269 erat
383 2214 412 2283 ⁴,
442 2204 562 2295 qnippe
591 2206 647 2295 qui
667 2203 819 2283 dictator,
846 2204 879 2268 in
904 2203 994 2268 cuius
1013 2202 1177 2268 historiam
1198 2202 1278 2267 haec

209 2325 295 2381 recte
328 2315 457 2382 cadunt.
494 2319 597 2382 Iratus
625 2316 780 2408 populus,
813 2314 899 2405 quod
936 2315 1050 2381 tradita
1083 2313 1159 2381 Sora
1191 2337 1277 2381 nunc

211 2428 303 2494 deria
331 2440 412 2495 esset
437 2429 497 2495 iter
526 2428 709 2496 faciendum
738 2429 770 2493 in
803 2426 969 2493 Samnium
995 2439 1026 2494 et
1050 2425 1278 2518 Campaniam,

209 2541 311 2608 attilio
341 2540 543 2608 traditionem
568 2542 645 2607 vitio
664 2542 772 2622 vertit,
796 2541 852 2631 qui
872 2564 972 2632 quum
991 2541 1025 2606 in
1043 2539 1197 2606 iudicium
1220 2563 1278 2605 ro·

204 2666 297 2721 'catus
315 2667 411 2733 esset,
435 2655 573 2722 dictator
591 2655 647 2745 qui
666 2655 766 2745 probe
784 2653 913 2719 tenebat
929 2653 974 2718 nil
994 2653 1170 2744 quidquam
1185 2675 1277 2745 posse

210 2767 401 2858 praesidinm
434 2768 466 2833 in
498 2768 646 2834 seditiosa
676 2767 755 2833 urbe
783 2768 909 2833 iamiam
934 2767 1112 2844 defectura,
1138 2765 1276 2833 ostendit

211 2903 306 2947 ranas
332 2903 398 2946 esse
418 2881 531 2972 populi
553 2881 806 2960 criminationes,
830 2894 926 2972 atque
947 2893 1078 2947 testatus
1099 2891 1146 2946 est
1166 2905 1199 2946 se
1219 2903 1276 2969 ge·

207 3016 322 3060 nerum
342 3015 435 3060 sunm
452 2994 536 3060 lerre
557 3017 622 3060 non
640 3017 731 3085 posse
747 2994 883 3074 diutius,
899 2995 955 3084 qui
975 2993 1112 3061 dedisset
1130 2991 1275 3060 hostibus
1388 3061 1397 3075 ,

209 3106 332 3175 urbem.
379 3104 433 3172 Sic
462 3106 602 3197 populus
631 3108 678 3172 rei
705 3106 823 3172 certior
851 3106 953 3172 factus
976 3106 1107 3172 tritium
1130 3106 1275 3174 absolvit.

207 3218 334 3285 accidit
360 3217 463 3298 illud,
496 3241 598 3309 quum
627 3219 762 3285 Romam
790 3218 934 3285 rediisset
954 3217 1146 3284 dictatorer
1167 3241 1275 3310 pugna

208 3332 247 3398 ad
270 3331 432 3399 Lautulas.
482 3331 587 3416 Quum
608 3353 683 3421 ergo
704 3330 782 3397 haec
799 3330 952 3397 facillime
969 3331 1012 3395 ita
1030 3329 1182 3424 explicari
1199 3356 1276 3422 pos·

207 3457 303 3528 sunt,
336 3470 399 3513 non
424 3466 552 3538 possum
575 3445 708 3510 alteram
729 3444 918 3511 sententiam
940 3444 1106 3534 amplecti3
1129 3444 1272 3511 concedo

207 3559 337 3649 quidem
366 3560 400 3624 in
431 3558 519 3626 bello
548 3556 669 3624 Punico
700 3557 841 3624 secundo
864 3557 981 3622 multas
1006 3556 1100 3622 urbes
1121 3556 1274 3627 deiecisse

205 3683 239 3738 et
258 3670 370 3739 Soram
389 3670 652 3739 interduodecim
663 3671 805 3737 colonias
815 3692 996 3749 occurrere,
1008 3660 1090 3760 quae
1107 3669 1224 3738 milites
1240 3683 1273 3738 et

205 3785 375 3875 pecuniam
396 3807 459 3850 non
481 3786 618 3878 amplius
638 3784 840 3875 suppeditare
859 3794 1007 3874 poterant
1028 3804 1088 3848 nec
1104 3783 1271 3862 volebant,

205 3896 261 3962 sed
290 3897 418 3962 nonnisi
448 3899 583 3964 oratorie
612 3896 721 3962 Livius
750 3898 837 3961 auxit
867 3896 1054 3962 concionem
1080 3895 1185 3975 illam,
1215 3896 1271 3962 nbi

204 4010 346 4077 colonias
376 4011 449 4077 istas
479 4010 616 4079 deficere
644 4010 771 4089 scribit,
809 4010 835 4075 si
864 4006 949 4076 enim
986 4032 1020 4076 re
1055 4031 1126 4075 rere
1162 4032 1271 4076 omnes

202 4123 278 4191 illae
298 4122 507 4205 defecissent,
531 4124 611 4191 alius
631 4147 735 4191 rernm
755 4134 887 4190 eventus
908 4122 1039 4202 luisset,
1063 4122 1095 4188 ni
1116 4121 1221 4189 fallor.

232 4391 252 4458 ¹)
269 4396 327 4447 rav.
350 4394 470 4448 xxvrr.
498 4399 526 4455 s,
552 4393 657 4449 xx1x,
684 4401 723 4447 rs.
828 4395 849 4465 τ)
866 4397 916 4450 rx.
943 4402 986 4449 aa.
1090 4394 1111 4462 ³)
1130 4395 1205 4448 xrx.
1235 4400 1275 4449 aa.

196 4475 217 4545 ⁴)
235 4479 274 4531 ct.
291 4480 352 4547 cip.
370 4495 380 4532 1
397 4480 442 4547 §o
463 4480 537 4532 haias
554 4480 640 4543 Libri,
657 4496 681 4548 p.
701 4488 761 4533 aaa.
