<?xml version="1.0" encoding="UTF-8"?>
<!DOCTYPE html PUBLIC "-//W3C//DTD XHTML 1.0 Transitional//EN"
    "http://www.w3.org/TR/xhtml1/DTD/xhtml1-transitional.dtd">
<html xmlns="http://www.w3.org/1999/xhtml" xml:lang="en" lang="en">
 <head>
  <title>
</title>
<meta http-equiv="Content-Type" content="text/html;charset=utf-8" />
  <meta name='ocr-system' content='tesseract 3.04.00' />
  <meta name='ocr-capabilities' content='ocr_page ocr_carea ocr_par ocr_line ocrx_word'/>
</head>
<body>
  <div class='ocr_page' id='page_1' title='image "./disputatiodegen00servgoog_0298.png"; bbox 0 0 3210 5300; ppageno 0'>
   <div class='ocr_carea' id='block_1_1' title="bbox 546 460 1264 546">
    <p class='ocr_par' dir='ltr' id='par_1_1' title="bbox 546 460 1264 546">
     <span class='ocr_line' id='line_1_1' title="bbox 546 460 1264 546; baseline 0.004 -22"><span class='ocrx_word' id='word_1_1' title='bbox 546 460 568 546; x_wconf 62' lang='lat'><strong>5</strong></span> <span class='ocrx_word' id='word_1_2' title='bbox 591 464 637 525; x_wconf 87' lang='lat'><strong>16.</strong></span> <span class='ocrx_word' id='word_1_3' title='bbox 659 481 767 526; x_wconf 72' lang='lat' dir='ltr'><strong>cossus</strong></span> <span class='ocrx_word' id='word_1_4' title='bbox 789 464 821 526; x_wconf 78' lang='lat' dir='ltr'><strong>V.</strong></span> <span class='ocrx_word' id='word_1_5' title='bbox 844 464 912 527; x_wconf 76' lang='lat'><strong>459.</strong></span> <span class='ocrx_word' id='word_1_6' title='bbox 1208 467 1264 527; x_wconf 84' lang='lat'><strong>281</strong></span> 
     </span>
    </p>
   </div>
   <div class='ocr_carea' id='block_1_2' title="bbox 197 654 1268 4358">
    <p class='ocr_par' dir='ltr' id='par_1_2' title="bbox 198 654 1268 3679">
     <span class='ocr_line' id='line_1_2' title="bbox 200 654 1266 749; baseline 0.001 -26"><span class='ocrx_word' id='word_1_7' title='bbox 200 654 301 747; x_wconf 77' lang='lat' dir='ltr'><strong>telligi</strong></span> <span class='ocrx_word' id='word_1_8' title='bbox 321 670 468 747; x_wconf 76' lang='lat' dir='ltr'><strong>possunt,</strong></span> <span class='ocrx_word' id='word_1_9' title='bbox 489 656 679 747; x_wconf 87' lang='lat' dir='ltr'><strong>quibuscum</strong></span> <span class='ocrx_word' id='word_1_10' title='bbox 698 659 847 727; x_wconf 74' lang='lat' dir='ltr'><strong>cohaeret</strong></span> <span class='ocrx_word' id='word_1_11' title='bbox 864 661 923 725; x_wconf 90' lang='lat' dir='ltr'><strong>alia</strong></span> <span class='ocrx_word' id='word_1_12' title='bbox 941 660 1039 738; x_wconf 85' lang='lat' dir='ltr'><strong>sama,</strong></span> <span class='ocrx_word' id='word_1_13' title='bbox 1057 659 1138 726; x_wconf 87' lang='lat' dir='ltr'><strong>duos</strong></span> <span class='ocrx_word' id='word_1_14' title='bbox 1150 682 1266 749; x_wconf 82' lang='lat' dir='ltr'><strong>nempe</strong></span> 
     </span>
     <span class='ocr_line' id='line_1_3' title="bbox 200 769 1265 864; baseline 0.003 -31"><span class='ocrx_word' id='word_1_15' title='bbox 200 769 401 834; x_wconf 90' lang='lat' dir='ltr'><strong>subsidiarios</strong></span> <span class='ocrx_word' id='word_1_16' title='bbox 429 771 599 849; x_wconf 83' lang='lat' dir='ltr'><strong>exercitus,</strong></span> <span class='ocrx_word' id='word_1_17' title='bbox 632 796 769 864; x_wconf 90' lang='lat' dir='ltr'><strong>quorum</strong></span> <span class='ocrx_word' id='word_1_18' title='bbox 806 796 888 839; x_wconf 89' lang='lat' dir='ltr'><strong>unus</strong></span> <span class='ocrx_word' id='word_1_19' title='bbox 917 774 950 837; x_wconf 91' lang='lat' dir='ltr'><strong>in</strong></span> <span class='ocrx_word' id='word_1_20' title='bbox 975 773 1099 839; x_wconf 82' lang='lat' dir='ltr'><strong>Falisco</strong></span> <span class='ocrx_word' id='word_1_21' title='bbox 1129 797 1204 863; x_wconf 79' lang='lat' dir='ltr'><strong>agro</strong></span> <span class='ocrx_word' id='word_1_22' title='bbox 1233 784 1265 837; x_wconf 89' lang='lat' dir='ltr'><strong>et</strong></span> 
     </span>
     <span class='ocr_line' id='line_1_4' title="bbox 200 883 1265 963; baseline 0.004 -17"><span class='ocrx_word' id='word_1_23' title='bbox 200 884 281 947; x_wconf 87' lang='lat' dir='ltr'><strong>alter</strong></span> <span class='ocrx_word' id='word_1_24' title='bbox 299 883 332 946; x_wconf 93' lang='lat' dir='ltr'><strong>in</strong></span> <span class='ocrx_word' id='word_1_25' title='bbox 352 883 502 948; x_wconf 83' lang='lat' dir='ltr'><strong>Vaticano</strong></span> <span class='ocrx_word' id='word_1_26' title='bbox 521 884 643 963; x_wconf 88' lang='lat' dir='ltr'><strong>stabat,</strong></span> <span class='ocrx_word' id='word_1_27' title='bbox 667 909 684 949; x_wconf 96' lang='lat' dir='ltr'><strong>a</strong></span> <span class='ocrx_word' id='word_1_28' title='bbox 704 885 890 950; x_wconf 90' lang='lat' dir='ltr'><strong>consulibus</strong></span> <span class='ocrx_word' id='word_1_29' title='bbox 907 886 1006 951; x_wconf 90' lang='lat' dir='ltr'><strong>iussos</strong></span> <span class='ocrx_word' id='word_1_30' title='bbox 1022 908 1089 952; x_wconf 86' lang='lat' dir='ltr'><strong>esse</strong></span> <span class='ocrx_word' id='word_1_31' title='bbox 1106 885 1265 950; x_wconf 75' lang='lat' dir='ltr'><strong>Etruriam</strong></span> 
     </span>
     <span class='ocr_line' id='line_1_5' title="bbox 200 996 1266 1086; baseline 0.004 -26"><span class='ocrx_word' id='word_1_32' title='bbox 200 996 319 1061; x_wconf 84' lang='lat' dir='ltr'><strong>intrare</strong></span> <span class='ocrx_word' id='word_1_33' title='bbox 337 1007 368 1060; x_wconf 90' lang='lat' dir='ltr'><strong>et</strong></span> <span class='ocrx_word' id='word_1_34' title='bbox 389 996 574 1086; x_wconf 92' lang='lat' dir='ltr'><strong>populando</strong></span> <span class='ocrx_word' id='word_1_35' title='bbox 595 1020 721 1063; x_wconf 91' lang='lat' dir='ltr'><strong>movere</strong></span> <span class='ocrx_word' id='word_1_36' title='bbox 741 999 859 1064; x_wconf 88' lang='lat' dir='ltr'><strong>Tuscos</strong></span> <span class='ocrx_word' id='word_1_37' title='bbox 876 998 916 1063; x_wconf 92' lang='lat' dir='ltr'><strong>ad</strong></span> <span class='ocrx_word' id='word_1_38' title='bbox 936 998 1013 1064; x_wconf 88' lang='lat' dir='ltr'><strong>lines</strong></span> <span class='ocrx_word' id='word_1_39' title='bbox 1031 1020 1102 1064; x_wconf 89' lang='lat' dir='ltr'><strong>suos</strong></span> <span class='ocrx_word' id='word_1_40' title='bbox 1120 997 1266 1064; x_wconf 90' lang='lat' dir='ltr'><strong>tuendos.</strong></span> 
     </span>
     <span class='ocr_line' id='line_1_6' title="bbox 200 1108 1267 1200; baseline 0.002 -27"><span class='ocrx_word' id='word_1_41' title='bbox 200 1108 364 1175; x_wconf 84' lang='lat' dir='ltr'><strong>llaalvhius</strong></span> <span class='ocrx_word' id='word_1_42' title='bbox 395 1108 455 1174; x_wconf 89' lang='lat' dir='ltr'><strong>hoc</strong></span> <span class='ocrx_word' id='word_1_43' title='bbox 484 1124 672 1200; x_wconf 79' lang='lat' dir='ltr'><strong>argumento</strong></span> <span class='ocrx_word' id='word_1_44' title='bbox 702 1112 804 1178; x_wconf 86' lang='lat' dir='ltr'><strong>utitur</strong></span> <span class='ocrx_word' id='word_1_45' title='bbox 828 1111 868 1176; x_wconf 92' lang='lat' dir='ltr'><strong>ad</strong></span> <span class='ocrx_word' id='word_1_46' title='bbox 896 1134 983 1178; x_wconf 85' lang='lat' dir='ltr'><strong>suam</strong></span> <span class='ocrx_word' id='word_1_47' title='bbox 1006 1112 1045 1176; x_wconf 92' lang='lat' dir='ltr'><strong>de</strong></span> <span class='ocrx_word' id='word_1_48' title='bbox 1067 1110 1176 1178; x_wconf 81' lang='lat' dir='ltr'><strong>Clusio</strong></span> <span class='ocrx_word' id='word_1_49' title='bbox 1197 1112 1267 1200; x_wconf 90' lang='lat' dir='ltr'><strong>opi-</strong></span> 
     </span>
     <span class='ocr_line' id='line_1_7' title="bbox 201 1221 1267 1314; baseline 0.002 -30"><span class='ocrx_word' id='word_1_50' title='bbox 201 1221 327 1288; x_wconf 89' lang='lat' dir='ltr'><strong>nionem</strong></span> <span class='ocrx_word' id='word_1_51' title='bbox 358 1221 528 1302; x_wconf 92' lang='lat' dir='ltr'><strong>tuendam,</strong></span> <span class='ocrx_word' id='word_1_52' title='bbox 561 1235 597 1287; x_wconf 88' lang='lat' dir='ltr'><strong>ut</strong></span> <span class='ocrx_word' id='word_1_53' title='bbox 625 1224 846 1290; x_wconf 81' lang='lat' dir='ltr'><strong>subvenissent</strong></span> <span class='ocrx_word' id='word_1_54' title='bbox 874 1225 924 1289; x_wconf 89' lang='lat' dir='ltr'><strong>illi</strong></span> <span class='ocrx_word' id='word_1_55' title='bbox 953 1223 1110 1314; x_wconf 87' lang='lat' dir='ltr'><strong>Scipionis</strong></span> <span class='ocrx_word' id='word_1_56' title='bbox 1130 1222 1267 1313; x_wconf 81' lang='lat' dir='ltr'><strong>legioni3</strong></span> 
     </span>
     <span class='ocr_line' id='line_1_8' title="bbox 201 1334 1268 1426; baseline 0.002 -28"><span class='ocrx_word' id='word_1_57' title='bbox 201 1334 270 1399; x_wconf 85' lang='lat' dir='ltr'><strong>lieri</strong></span> <span class='ocrx_word' id='word_1_58' title='bbox 301 1346 419 1424; x_wconf 86' lang='lat' dir='ltr'><strong>potest,</strong></span> <span class='ocrx_word' id='word_1_59' title='bbox 454 1334 507 1400; x_wconf 90' lang='lat' dir='ltr'><strong>sed</strong></span> <span class='ocrx_word' id='word_1_60' title='bbox 539 1336 688 1426; x_wconf 86' lang='lat' dir='ltr'><strong>equidem</strong></span> <span class='ocrx_word' id='word_1_61' title='bbox 719 1337 908 1403; x_wconf 88' lang='lat' dir='ltr'><strong>crediderim</strong></span> <span class='ocrx_word' id='word_1_62' title='bbox 941 1338 1046 1403; x_wconf 87' lang='lat' dir='ltr'><strong>omnia</strong></span> <span class='ocrx_word' id='word_1_63' title='bbox 1075 1336 1169 1401; x_wconf 90' lang='lat' dir='ltr'><strong>simul</strong></span> <span class='ocrx_word' id='word_1_64' title='bbox 1202 1357 1268 1400; x_wconf 89' lang='lat' dir='ltr'><strong>esse</strong></span> 
     </span>
     <span class='ocr_line' id='line_1_9' title="bbox 202 1446 1268 1539; baseline 0.001 -29"><span class='ocrx_word' id='word_1_65' title='bbox 202 1458 287 1525; x_wconf 89' lang='lat' dir='ltr'><strong>acta,</strong></span> <span class='ocrx_word' id='word_1_66' title='bbox 311 1446 344 1511; x_wconf 91' lang='lat' dir='ltr'><strong>id</strong></span> <span class='ocrx_word' id='word_1_67' title='bbox 368 1456 414 1511; x_wconf 90' lang='lat' dir='ltr'><strong>est</strong></span> <span class='ocrx_word' id='word_1_68' title='bbox 435 1447 582 1513; x_wconf 90' lang='lat' dir='ltr'><strong>consules</strong></span> <span class='ocrx_word' id='word_1_69' title='bbox 602 1448 731 1538; x_wconf 91' lang='lat' dir='ltr'><strong>quidem</strong></span> <span class='ocrx_word' id='word_1_70' title='bbox 751 1450 871 1539; x_wconf 89' lang='lat' dir='ltr'><strong>primos</strong></span> <span class='ocrx_word' id='word_1_71' title='bbox 890 1448 1033 1514; x_wconf 80' lang='lat' dir='ltr'><strong>eduxisse</strong></span> <span class='ocrx_word' id='word_1_72' title='bbox 1054 1470 1125 1512; x_wconf 91' lang='lat' dir='ltr'><strong>suos</strong></span> <span class='ocrx_word' id='word_1_73' title='bbox 1147 1446 1268 1512; x_wconf 82' lang='lat' dir='ltr'><strong>exerci-</strong></span> 
     </span>
     <span class='ocr_line' id='line_1_10' title="bbox 202 1558 1266 1651; baseline 0.001 -27"><span class='ocrx_word' id='word_1_74' title='bbox 202 1572 268 1637; x_wconf 88' lang='lat' dir='ltr'><strong>tus,</strong></span> <span class='ocrx_word' id='word_1_75' title='bbox 291 1581 400 1624; x_wconf 88' lang='lat' dir='ltr'><strong>verum</strong></span> <span class='ocrx_word' id='word_1_76' title='bbox 422 1558 536 1625; x_wconf 88' lang='lat' dir='ltr'><strong>eodem</strong></span> <span class='ocrx_word' id='word_1_77' title='bbox 554 1559 620 1625; x_wconf 86' lang='lat' dir='ltr'><strong>iere</strong></span> <span class='ocrx_word' id='word_1_78' title='bbox 641 1571 785 1651; x_wconf 88' lang='lat' dir='ltr'><strong>ternpore</strong></span> <span class='ocrx_word' id='word_1_79' title='bbox 805 1562 844 1626; x_wconf 91' lang='lat' dir='ltr'><strong>ad</strong></span> <span class='ocrx_word' id='word_1_80' title='bbox 867 1560 1070 1628; x_wconf 90' lang='lat' dir='ltr'><strong>Camerinum</strong></span> <span class='ocrx_word' id='word_1_81' title='bbox 1088 1571 1266 1651; x_wconf 74' lang='lat' dir='ltr'><strong>pugnatum</strong></span> 
     </span>
     <span class='ocr_line' id='line_1_11' title="bbox 201 1671 1266 1764; baseline 0 -27"><span class='ocrx_word' id='word_1_82' title='bbox 201 1695 267 1737; x_wconf 92' lang='lat' dir='ltr'><strong>esse</strong></span> <span class='ocrx_word' id='word_1_83' title='bbox 295 1694 359 1761; x_wconf 92' lang='lat' dir='ltr'><strong>quo</strong></span> <span class='ocrx_word' id='word_1_84' title='bbox 389 1671 450 1736; x_wconf 90' lang='lat' dir='ltr'><strong>iam</strong></span> <span class='ocrx_word' id='word_1_85' title='bbox 481 1673 627 1738; x_wconf 89' lang='lat' dir='ltr'><strong>consules</strong></span> <span class='ocrx_word' id='word_1_86' title='bbox 655 1674 687 1738; x_wconf 92' lang='lat' dir='ltr'><strong>in</strong></span> <span class='ocrx_word' id='word_1_87' title='bbox 717 1697 826 1764; x_wconf 76' lang='lat' dir='ltr'><strong>agrum</strong></span> <span class='ocrx_word' id='word_1_88' title='bbox 857 1672 1026 1740; x_wconf 84' lang='lat' dir='ltr'><strong>Sentinum</strong></span> <span class='ocrx_word' id='word_1_89' title='bbox 1047 1684 1266 1763; x_wconf 82' lang='lat' dir='ltr'><strong>perrexerant,</strong></span> 
     </span>
     <span class='ocr_line' id='line_1_12' title="bbox 200 1784 1267 1878; baseline 0.001 -30"><span class='ocrx_word' id='word_1_90' title='bbox 200 1808 273 1849; x_wconf 89' lang='lat' dir='ltr'><strong>nam</strong></span> <span class='ocrx_word' id='word_1_91' title='bbox 294 1784 387 1849; x_wconf 90' lang='lat' dir='ltr'><strong>aliter</strong></span> <span class='ocrx_word' id='word_1_92' title='bbox 405 1808 469 1850; x_wconf 91' lang='lat' dir='ltr'><strong>non</strong></span> <span class='ocrx_word' id='word_1_93' title='bbox 491 1797 595 1876; x_wconf 91' lang='lat' dir='ltr'><strong>potest</strong></span> <span class='ocrx_word' id='word_1_94' title='bbox 616 1787 765 1875; x_wconf 83' lang='lat' dir='ltr'><strong>explicari</strong></span> <span class='ocrx_word' id='word_1_95' title='bbox 784 1810 836 1853; x_wconf 91' lang='lat' dir='ltr'><strong>eos</strong></span> <span class='ocrx_word' id='word_1_96' title='bbox 859 1811 950 1853; x_wconf 93' lang='lat' dir='ltr'><strong>ausos</strong></span> <span class='ocrx_word' id='word_1_97' title='bbox 970 1811 1052 1866; x_wconf 89' lang='lat' dir='ltr'><strong>esse,</strong></span> <span class='ocrx_word' id='word_1_98' title='bbox 1072 1786 1149 1851; x_wconf 93' lang='lat' dir='ltr'><strong>dum</strong></span> <span class='ocrx_word' id='word_1_99' title='bbox 1169 1786 1267 1878; x_wconf 91' lang='lat' dir='ltr'><strong>paulo</strong></span> 
     </span>
     <span class='ocr_line' id='line_1_13' title="bbox 201 1898 1267 1990; baseline 0.002 -29"><span class='ocrx_word' id='word_1_100' title='bbox 201 1910 275 1963; x_wconf 87' lang='lat' dir='ltr'><strong>ante</strong></span> <span class='ocrx_word' id='word_1_101' title='bbox 288 1898 372 1965; x_wconf 87' lang='lat' dir='ltr'><strong>Galli</strong></span> <span class='ocrx_word' id='word_1_102' title='bbox 383 1898 559 1989; x_wconf 87' lang='lat' dir='ltr'><strong>superiores</strong></span> <span class='ocrx_word' id='word_1_103' title='bbox 578 1900 726 1978; x_wconf 80' lang='lat' dir='ltr'><strong>luissent,</strong></span> <span class='ocrx_word' id='word_1_104' title='bbox 752 1912 858 1965; x_wconf 88' lang='lat' dir='ltr'><strong>tamen</strong></span> <span class='ocrx_word' id='word_1_105' title='bbox 878 1902 911 1965; x_wconf 89' lang='lat' dir='ltr'><strong>in</strong></span> <span class='ocrx_word' id='word_1_106' title='bbox 931 1924 1041 1966; x_wconf 92' lang='lat' dir='ltr'><strong>eorum</strong></span> <span class='ocrx_word' id='word_1_107' title='bbox 1063 1922 1171 1990; x_wconf 73' lang='lat' dir='ltr'><strong>agrum</strong></span> <span class='ocrx_word' id='word_1_108' title='bbox 1192 1921 1267 1990; x_wconf 91' lang='lat' dir='ltr'><strong>per·</strong></span> 
     </span>
     <span class='ocr_line' id='line_1_14' title="bbox 201 2011 1266 2101; baseline 0 -25"><span class='ocrx_word' id='word_1_109' title='bbox 201 2032 291 2101; x_wconf 77' lang='lat' dir='ltr'><strong>gere3</strong></span> <span class='ocrx_word' id='word_1_110' title='bbox 315 2011 456 2101; x_wconf 90' lang='lat' dir='ltr'><strong>denique</strong></span> <span class='ocrx_word' id='word_1_111' title='bbox 474 2012 707 2078; x_wconf 71' lang='lat' dir='ltr'><strong>subveniebant</strong></span> <span class='ocrx_word' id='word_1_112' title='bbox 725 2014 844 2079; x_wconf 85' lang='lat' dir='ltr'><strong>interea</strong></span> <span class='ocrx_word' id='word_1_113' title='bbox 865 2014 929 2079; x_wconf 91' lang='lat' dir='ltr'><strong>duo</strong></span> <span class='ocrx_word' id='word_1_114' title='bbox 948 2013 1021 2078; x_wconf 93' lang='lat' dir='ltr'><strong>novi</strong></span> <span class='ocrx_word' id='word_1_115' title='bbox 1042 2012 1090 2078; x_wconf 89' lang='lat' dir='ltr'><strong>illi</strong></span> <span class='ocrx_word' id='word_1_116' title='bbox 1109 2013 1266 2078; x_wconf 81' lang='lat' dir='ltr'><strong>exercitus</strong></span> 
     </span>
     <span class='ocr_line' id='line_1_15' title="bbox 201 2123 1267 2216; baseline 0.001 -27"><span class='ocrx_word' id='word_1_117' title='bbox 201 2136 231 2189; x_wconf 90' lang='lat' dir='ltr'><strong>et</strong></span> <span class='ocrx_word' id='word_1_118' title='bbox 258 2123 401 2190; x_wconf 87' lang='lat' dir='ltr'><strong>Clusium</strong></span> <span class='ocrx_word' id='word_1_119' title='bbox 428 2126 738 2216; x_wconf 81' lang='lat' dir='ltr'><strong>appropinquabant.</strong></span> <span class='ocrx_word' id='word_1_120' title='bbox 788 2127 878 2192; x_wconf 86' lang='lat' dir='ltr'><strong>Hanc</strong></span> <span class='ocrx_word' id='word_1_121' title='bbox 902 2127 1014 2191; x_wconf 86' lang='lat' dir='ltr'><strong>urbem</strong></span> <span class='ocrx_word' id='word_1_122' title='bbox 1035 2126 1142 2190; x_wconf 88' lang='lat' dir='ltr'><strong>Livius</strong></span> <span class='ocrx_word' id='word_1_123' title='bbox 1163 2126 1267 2190; x_wconf 92' lang='lat' dir='ltr'><strong>nomi·</strong></span> 
     </span>
     <span class='ocr_line' id='line_1_16' title="bbox 200 2236 1265 2328; baseline 0.002 -27"><span class='ocrx_word' id='word_1_124' title='bbox 200 2248 274 2316; x_wconf 89' lang='lat' dir='ltr'><strong>nat,</strong></span> <span class='ocrx_word' id='word_1_125' title='bbox 306 2236 391 2328; x_wconf 91' lang='lat' dir='ltr'><strong>quod</strong></span> <span class='ocrx_word' id='word_1_126' title='bbox 424 2236 572 2303; x_wconf 87' lang='lat' dir='ltr'><strong>cohaeret</strong></span> <span class='ocrx_word' id='word_1_127' title='bbox 602 2239 669 2303; x_wconf 90' lang='lat' dir='ltr'><strong>sine</strong></span> <span class='ocrx_word' id='word_1_128' title='bbox 697 2238 797 2303; x_wconf 92' lang='lat' dir='ltr'><strong>dubio</strong></span> <span class='ocrx_word' id='word_1_129' title='bbox 824 2261 897 2303; x_wconf 89' lang='lat' dir='ltr'><strong>oum</strong></span> <span class='ocrx_word' id='word_1_130' title='bbox 924 2238 1012 2304; x_wconf 89' lang='lat' dir='ltr'><strong>illius</strong></span> <span class='ocrx_word' id='word_1_131' title='bbox 1032 2237 1212 2302; x_wconf 87' lang='lat' dir='ltr'><strong>narratione</strong></span> <span class='ocrx_word' id='word_1_132' title='bbox 1233 2241 1265 2303; x_wconf 91' lang='lat' dir='ltr'><strong>in</strong></span> 
     </span>
     <span class='ocr_line' id='line_1_17' title="bbox 201 2347 1264 2442; baseline -0.001 -27"><span class='ocrx_word' id='word_1_133' title='bbox 201 2351 328 2416; x_wconf 82' lang='lat' dir='ltr'><strong>Etruria</strong></span> <span class='ocrx_word' id='word_1_134' title='bbox 357 2350 394 2416; x_wconf 91' lang='lat' dir='ltr'><strong>ad</strong></span> <span class='ocrx_word' id='word_1_135' title='bbox 430 2347 573 2416; x_wconf 82' lang='lat' dir='ltr'><strong>Clusium</strong></span> <span class='ocrx_word' id='word_1_136' title='bbox 604 2374 671 2416; x_wconf 91' lang='lat' dir='ltr'><strong>essc</strong></span> <span class='ocrx_word' id='word_1_137' title='bbox 699 2364 894 2442; x_wconf 79' lang='lat' dir='ltr'><strong>pugnatum3</strong></span> <span class='ocrx_word' id='word_1_138' title='bbox 927 2351 1011 2442; x_wconf 92' lang='lat' dir='ltr'><strong>apud</strong></span> <span class='ocrx_word' id='word_1_139' title='bbox 1038 2351 1228 2416; x_wconf 81' lang='lat' dir='ltr'><strong>Frontinum</strong></span> <span class='ocrx_word' id='word_1_140' title='bbox 1255 2365 1264 2401; x_wconf 89' lang='lat'><strong>¹</strong></span> 
     </span>
     <span class='ocr_line' id='line_1_18' title="bbox 199 2462 1266 2554; baseline 0 -26"><span class='ocrx_word' id='word_1_141' title='bbox 199 2463 284 2528; x_wconf 88' lang='lat' dir='ltr'><strong>idem</strong></span> <span class='ocrx_word' id='word_1_142' title='bbox 305 2486 421 2528; x_wconf 92' lang='lat' dir='ltr'><strong>nomen</strong></span> <span class='ocrx_word' id='word_1_143' title='bbox 441 2463 610 2552; x_wconf 78' lang='lat' dir='ltr'><strong>legendum</strong></span> <span class='ocrx_word' id='word_1_144' title='bbox 628 2478 690 2543; x_wconf 88' lang='lat' dir='ltr'><strong>est,</strong></span> <span class='ocrx_word' id='word_1_145' title='bbox 713 2489 786 2531; x_wconf 91' lang='lat' dir='ltr'><strong>narn</strong></span> <span class='ocrx_word' id='word_1_146' title='bbox 805 2465 885 2530; x_wconf 90' lang='lat' dir='ltr'><strong>illud</strong></span> <span class='ocrx_word' id='word_1_147' title='bbox 904 2466 935 2529; x_wconf 90' lang='lat' dir='ltr'><strong>in</strong></span> <span class='ocrx_word' id='word_1_148' title='bbox 958 2465 1064 2544; x_wconf 90' lang='lat' dir='ltr'><strong>Livio,</strong></span> <span class='ocrx_word' id='word_1_149' title='bbox 1089 2487 1183 2554; x_wconf 91' lang='lat' dir='ltr'><strong>quem</strong></span> <span class='ocrx_word' id='word_1_150' title='bbox 1211 2462 1266 2528; x_wconf 92' lang='lat' dir='ltr'><strong>de·</strong></span> 
     </span>
     <span class='ocr_line' id='line_1_19' title="bbox 200 2575 1267 2669; baseline 0 -28"><span class='ocrx_word' id='word_1_151' title='bbox 200 2575 326 2654; x_wconf 89' lang='lat' dir='ltr'><strong>scribit,</strong></span> <span class='ocrx_word' id='word_1_152' title='bbox 350 2576 531 2655; x_wconf 87' lang='lat' dir='ltr'><strong>invenerat;</strong></span> <span class='ocrx_word' id='word_1_153' title='bbox 555 2577 621 2642; x_wconf 90' lang='lat' dir='ltr'><strong>seio</strong></span> <span class='ocrx_word' id='word_1_154' title='bbox 652 2578 781 2669; x_wconf 91' lang='lat' dir='ltr'><strong>quidem</strong></span> <span class='ocrx_word' id='word_1_155' title='bbox 810 2578 1023 2644; x_wconf 87' lang='lat' dir='ltr'><strong>Niebuhrium</strong></span> <span class='ocrx_word' id='word_1_156' title='bbox 1049 2590 1061 2627; x_wconf 84' lang='lat'><strong>²</strong></span> <span class='ocrx_word' id='word_1_157' title='bbox 1088 2576 1205 2643; x_wconf 88' lang='lat' dir='ltr'><strong>eruisse</strong></span> <span class='ocrx_word' id='word_1_158' title='bbox 1230 2600 1267 2641; x_wconf 83' lang='lat' dir='ltr'><strong>er</strong></span> 
     </span>
     <span class='ocr_line' id='line_1_20' title="bbox 199 2689 1267 2782; baseline -0.002 -25"><span class='ocrx_word' id='word_1_159' title='bbox 199 2689 345 2757; x_wconf 81' lang='lat' dir='ltr'><strong>Frontini</strong></span> <span class='ocrx_word' id='word_1_160' title='bbox 370 2689 525 2778; x_wconf 89' lang='lat' dir='ltr'><strong>scriptura</strong></span> <span class='ocrx_word' id='word_1_161' title='bbox 545 2691 717 2757; x_wconf 75' lang='lat' dir='ltr'><strong>desirium</strong></span> <span class='ocrx_word' id='word_1_162' title='bbox 737 2704 833 2782; x_wconf 91' lang='lat' dir='ltr'><strong>atque</strong></span> <span class='ocrx_word' id='word_1_163' title='bbox 859 2690 921 2757; x_wconf 90' lang='lat' dir='ltr'><strong>hoe</strong></span> <span class='ocrx_word' id='word_1_164' title='bbox 945 2713 1061 2756; x_wconf 90' lang='lat' dir='ltr'><strong>nomen</strong></span> <span class='ocrx_word' id='word_1_165' title='bbox 1083 2689 1174 2754; x_wconf 81' lang='lat' dir='ltr'><strong>Livio</strong></span> <span class='ocrx_word' id='word_1_166' title='bbox 1192 2689 1267 2755; x_wconf 91' lang='lat' dir='ltr'><strong>red·</strong></span> 
     </span>
     <span class='ocr_line' id='line_1_21' title="bbox 200 2799 1267 2892; baseline 0 -27"><span class='ocrx_word' id='word_1_167' title='bbox 200 2800 341 2866; x_wconf 88' lang='lat' dir='ltr'><strong>dendum</strong></span> <span class='ocrx_word' id='word_1_168' title='bbox 359 2800 474 2879; x_wconf 91' lang='lat' dir='ltr'><strong>videri,</strong></span> <span class='ocrx_word' id='word_1_169' title='bbox 498 2800 552 2867; x_wconf 90' lang='lat' dir='ltr'><strong>sed</strong></span> <span class='ocrx_word' id='word_1_170' title='bbox 577 2802 720 2867; x_wconf 89' lang='lat' dir='ltr'><strong>nondum</strong></span> <span class='ocrx_word' id='word_1_171' title='bbox 740 2802 820 2867; x_wconf 88' lang='lat' dir='ltr'><strong>mihi</strong></span> <span class='ocrx_word' id='word_1_172' title='bbox 840 2822 1024 2892; x_wconf 89' lang='lat' dir='ltr'><strong>persuasum</strong></span> <span class='ocrx_word' id='word_1_173' title='bbox 1043 2811 1089 2865; x_wconf 86' lang='lat' dir='ltr'><strong>est</strong></span> <span class='ocrx_word' id='word_1_174' title='bbox 1102 2799 1183 2864; x_wconf 93' lang='lat' dir='ltr'><strong>hanc</strong></span> <span class='ocrx_word' id='word_1_175' title='bbox 1196 2802 1267 2890; x_wconf 89' lang='lat' dir='ltr'><strong>opi·</strong></span> 
     </span>
     <span class='ocr_line' id='line_1_22' title="bbox 198 2914 1266 3004; baseline 0.002 -26"><span class='ocrx_word' id='word_1_176' title='bbox 198 2915 326 2979; x_wconf 91' lang='lat' dir='ltr'><strong>nionem</strong></span> <span class='ocrx_word' id='word_1_177' title='bbox 364 2914 575 3004; x_wconf 87' lang='lat' dir='ltr'><strong>arripiendam</strong></span> <span class='ocrx_word' id='word_1_178' title='bbox 608 2938 694 2994; x_wconf 89' lang='lat' dir='ltr'><strong>esse,</strong></span> <span class='ocrx_word' id='word_1_179' title='bbox 728 2938 803 2980; x_wconf 89' lang='lat' dir='ltr'><strong>nam</strong></span> <span class='ocrx_word' id='word_1_180' title='bbox 834 2914 983 2980; x_wconf 75' lang='lat' dir='ltr'><strong>Clusium</strong></span> <span class='ocrx_word' id='word_1_181' title='bbox 1014 2914 1164 2979; x_wconf 92' lang='lat' dir='ltr'><strong>convenit</strong></span> <span class='ocrx_word' id='word_1_182' title='bbox 1192 2937 1266 2980; x_wconf 91' lang='lat' dir='ltr'><strong>cum</strong></span> 
     </span>
     <span class='ocr_line' id='line_1_23' title="bbox 200 3026 1267 3118; baseline 0.002 -27"><span class='ocrx_word' id='word_1_183' title='bbox 200 3028 282 3093; x_wconf 89' lang='lat' dir='ltr'><strong>Livii</strong></span> <span class='ocrx_word' id='word_1_184' title='bbox 312 3029 501 3092; x_wconf 87' lang='lat' dir='ltr'><strong>narratione.</strong></span> <span class='ocrx_word' id='word_1_185' title='bbox 551 3027 712 3118; x_wconf 80' lang='lat' dir='ltr'><strong>Quidquid</strong></span> <span class='ocrx_word' id='word_1_186' title='bbox 744 3042 809 3107; x_wconf 89' lang='lat' dir='ltr'><strong>est,</strong></span> <span class='ocrx_word' id='word_1_187' title='bbox 833 3028 1006 3093; x_wconf 89' lang='lat' dir='ltr'><strong>absurdum</strong></span> <span class='ocrx_word' id='word_1_188' title='bbox 1032 3041 1112 3092; x_wconf 87' lang='lat' dir='ltr'><strong>esset</strong></span> <span class='ocrx_word' id='word_1_189' title='bbox 1137 3026 1267 3093; x_wconf 88' lang='lat' dir='ltr'><strong>credere</strong></span> 
     </span>
     <span class='ocr_line' id='line_1_24' title="bbox 200 3140 1265 3233; baseline 0.001 -27"><span class='ocrx_word' id='word_1_190' title='bbox 200 3141 361 3206; x_wconf 86' lang='lat' dir='ltr'><strong>Romanos</strong></span> <span class='ocrx_word' id='word_1_191' title='bbox 381 3152 562 3233; x_wconf 78' lang='lat' dir='ltr'><strong>exspectare</strong></span> <span class='ocrx_word' id='word_1_192' title='bbox 585 3142 729 3207; x_wconf 90' lang='lat' dir='ltr'><strong>voluisse&#39;</strong></span> <span class='ocrx_word' id='word_1_193' title='bbox 742 3141 956 3206; x_wconf 88' lang='lat' dir='ltr'><strong>subsidiorum</strong></span> <span class='ocrx_word' id='word_1_194' title='bbox 975 3140 1164 3217; x_wconf 90' lang='lat' dir='ltr'><strong>adventum,</strong></span> <span class='ocrx_word' id='word_1_195' title='bbox 1187 3140 1265 3207; x_wconf 90' lang='lat' dir='ltr'><strong>dum</strong></span> 
     </span>
     <span class='ocr_line' id='line_1_25' title="bbox 199 3253 1265 3345; baseline 0.002 -27"><span class='ocrx_word' id='word_1_196' title='bbox 199 3255 258 3345; x_wconf 91' lang='lat' dir='ltr'><strong>ipsi</strong></span> <span class='ocrx_word' id='word_1_197' title='bbox 286 3256 347 3321; x_wconf 93' lang='lat' dir='ltr'><strong>iam</strong></span> <span class='ocrx_word' id='word_1_198' title='bbox 374 3255 406 3319; x_wconf 92' lang='lat' dir='ltr'><strong>in</strong></span> <span class='ocrx_word' id='word_1_199' title='bbox 431 3277 504 3343; x_wconf 83' lang='lat' dir='ltr'><strong>agro</strong></span> <span class='ocrx_word' id='word_1_200' title='bbox 526 3253 659 3320; x_wconf 90' lang='lat' dir='ltr'><strong>Sentino</strong></span> <span class='ocrx_word' id='word_1_201' title='bbox 682 3267 815 3334; x_wconf 89' lang='lat' dir='ltr'><strong>starent;</strong></span> <span class='ocrx_word' id='word_1_202' title='bbox 843 3278 902 3320; x_wconf 88' lang='lat' dir='ltr'><strong>nee</strong></span> <span class='ocrx_word' id='word_1_203' title='bbox 925 3277 1002 3344; x_wconf 90' lang='lat' dir='ltr'><strong>opus</strong></span> <span class='ocrx_word' id='word_1_204' title='bbox 1024 3265 1108 3332; x_wconf 90' lang='lat' dir='ltr'><strong>erat,</strong></span> <span class='ocrx_word' id='word_1_205' title='bbox 1133 3275 1206 3318; x_wconf 92' lang='lat' dir='ltr'><strong>nam</strong></span> <span class='ocrx_word' id='word_1_206' title='bbox 1228 3277 1265 3320; x_wconf 84' lang='lat' dir='ltr'><strong>ex</strong></span> 
     </span>
     <span class='ocr_line' id='line_1_26' title="bbox 199 3365 1266 3455; baseline 0.002 -27"><span class='ocrx_word' id='word_1_207' title='bbox 199 3388 326 3455; x_wconf 81' lang='lat' dir='ltr'><strong>pugnae</strong></span> <span class='ocrx_word' id='word_1_208' title='bbox 345 3365 545 3431; x_wconf 88' lang='lat' dir='ltr'><strong>enarratione</strong></span> <span class='ocrx_word' id='word_1_209' title='bbox 564 3376 695 3455; x_wconf 89' lang='lat' dir='ltr'><strong>apparet</strong></span> <span class='ocrx_word' id='word_1_210' title='bbox 716 3366 866 3431; x_wconf 80' lang='lat' dir='ltr'><strong>Etruscos</strong></span> <span class='ocrx_word' id='word_1_211' title='bbox 889 3388 952 3431; x_wconf 91' lang='lat' dir='ltr'><strong>non</strong></span> <span class='ocrx_word' id='word_1_212' title='bbox 972 3367 1004 3429; x_wconf 92' lang='lat' dir='ltr'><strong>in</strong></span> <span class='ocrx_word' id='word_1_213' title='bbox 1023 3366 1091 3430; x_wconf 88' lang='lat' dir='ltr'><strong>acie</strong></span> <span class='ocrx_word' id='word_1_214' title='bbox 1111 3365 1266 3444; x_wconf 78' lang='lat' dir='ltr'><strong>adfuisse,</strong></span> 
     </span>
     <span class='ocr_line' id='line_1_27' title="bbox 200 3475 1265 3568; baseline 0 -26"><span class='ocrx_word' id='word_1_215' title='bbox 200 3477 276 3543; x_wconf 90' lang='lat' dir='ltr'><strong>hine</strong></span> <span class='ocrx_word' id='word_1_216' title='bbox 308 3478 422 3568; x_wconf 86' lang='lat' dir='ltr'><strong>procul</strong></span> <span class='ocrx_word' id='word_1_217' title='bbox 453 3476 553 3542; x_wconf 90' lang='lat' dir='ltr'><strong>dubio</strong></span> <span class='ocrx_word' id='word_1_218' title='bbox 583 3478 732 3542; x_wconf 82' lang='lat' dir='ltr'><strong>successit</strong></span> <span class='ocrx_word' id='word_1_219' title='bbox 761 3476 1020 3568; x_wconf 89' lang='lat' dir='ltr'><strong>propraetoribus</strong></span> <span class='ocrx_word' id='word_1_220' title='bbox 1051 3475 1115 3540; x_wconf 92' lang='lat' dir='ltr'><strong>illis</strong></span> <span class='ocrx_word' id='word_1_221' title='bbox 1147 3475 1265 3542; x_wconf 88' lang='lat' dir='ltr'><strong>Tuscos</strong></span> 
     </span>
     <span class='ocr_line' id='line_1_28' title="bbox 200 3590 869 3679; baseline 0 -23"><span class='ocrx_word' id='word_1_222' title='bbox 200 3590 382 3657; x_wconf 88' lang='lat' dir='ltr'><strong>abstrahere</strong></span> <span class='ocrx_word' id='word_1_223' title='bbox 405 3613 514 3656; x_wconf 91' lang='lat' dir='ltr'><strong>eorum</strong></span> <span class='ocrx_word' id='word_1_224' title='bbox 539 3612 648 3679; x_wconf 77' lang='lat' dir='ltr'><strong>agrum</strong></span> <span class='ocrx_word' id='word_1_225' title='bbox 673 3590 869 3656; x_wconf 84' lang='lat' dir='ltr'><strong>lacessendo.</strong></span> 
     </span>
    </p>

    <p class='ocr_par' dir='ltr' id='par_1_3' title="bbox 197 3698 1265 4358">
     <span class='ocr_line' id='line_1_29' title="bbox 247 3698 1264 3791; baseline -0.003 -22"><span class='ocrx_word' id='word_1_226' title='bbox 247 3702 474 3770; x_wconf 83' lang='lat' dir='ltr'><strong>Gravissimum</strong></span> <span class='ocrx_word' id='word_1_227' title='bbox 494 3701 653 3791; x_wconf 87' lang='lat' dir='ltr'><strong>proelium</strong></span> <span class='ocrx_word' id='word_1_228' title='bbox 673 3701 705 3765; x_wconf 92' lang='lat' dir='ltr'><strong>in</strong></span> <span class='ocrx_word' id='word_1_229' title='bbox 728 3725 802 3791; x_wconf 73' lang='lat' dir='ltr'><strong>agro</strong></span> <span class='ocrx_word' id='word_1_230' title='bbox 824 3701 989 3767; x_wconf 90' lang='lat' dir='ltr'><strong>Sentinate</strong></span> <span class='ocrx_word' id='word_1_231' title='bbox 1009 3699 1115 3764; x_wconf 91' lang='lat' dir='ltr'><strong>locum</strong></span> <span class='ocrx_word' id='word_1_232' title='bbox 1136 3698 1264 3781; x_wconf 87' lang='lat' dir='ltr'><strong>hahuit,</strong></span> 
     </span>
     <span class='ocr_line' id='line_1_30' title="bbox 200 3813 1265 3902; baseline 0 -22"><span class='ocrx_word' id='word_1_233' title='bbox 200 3816 265 3881; x_wconf 90' lang='lat' dir='ltr'><strong>sive</strong></span> <span class='ocrx_word' id='word_1_234' title='bbox 284 3815 426 3882; x_wconf 91' lang='lat' dir='ltr'><strong>hostibus</strong></span> <span class='ocrx_word' id='word_1_235' title='bbox 446 3814 574 3879; x_wconf 89' lang='lat' dir='ltr'><strong>victoria</strong></span> <span class='ocrx_word' id='word_1_236' title='bbox 595 3813 773 3881; x_wconf 88' lang='lat' dir='ltr'><strong>Camertina</strong></span> <span class='ocrx_word' id='word_1_237' title='bbox 793 3815 899 3893; x_wconf 87' lang='lat' dir='ltr'><strong>elatis,</strong></span> <span class='ocrx_word' id='word_1_238' title='bbox 923 3814 986 3879; x_wconf 90' lang='lat' dir='ltr'><strong>sive</strong></span> <span class='ocrx_word' id='word_1_239' title='bbox 1008 3813 1093 3902; x_wconf 91' lang='lat' dir='ltr'><strong>quod</strong></span> <span class='ocrx_word' id='word_1_240' title='bbox 1112 3813 1265 3880; x_wconf 88' lang='lat' dir='ltr'><strong>Romanis</strong></span> 
     </span>
     <span class='ocr_line' id='line_1_31' title="bbox 197 3927 1265 4020; baseline 0.001 -27"><span class='ocrx_word' id='word_1_241' title='bbox 197 3930 356 4020; x_wconf 89' lang='lat' dir='ltr'><strong>placuerit</strong></span> <span class='ocrx_word' id='word_1_242' title='bbox 393 3929 424 3993; x_wconf 90' lang='lat' dir='ltr'><strong>in</strong></span> <span class='ocrx_word' id='word_1_243' title='bbox 458 3940 618 3993; x_wconf 87' lang='lat' dir='ltr'><strong>certamen</strong></span> <span class='ocrx_word' id='word_1_244' title='bbox 650 3927 860 4005; x_wconf 89' lang='lat' dir='ltr'><strong>descendere,</strong></span> <span class='ocrx_word' id='word_1_245' title='bbox 894 3940 1065 4017; x_wconf 89' lang='lat' dir='ltr'><strong>antequam</strong></span> <span class='ocrx_word' id='word_1_246' title='bbox 1095 3928 1200 3992; x_wconf 91' lang='lat' dir='ltr'><strong>hostes</strong></span> <span class='ocrx_word' id='word_1_247' title='bbox 1232 3952 1265 3994; x_wconf 92' lang='lat' dir='ltr'><strong>se</strong></span> 
     </span>
     <span class='ocr_line' id='line_1_32' title="bbox 199 4039 1265 4131; baseline 0.001 -25"><span class='ocrx_word' id='word_1_248' title='bbox 199 4043 386 4120; x_wconf 79' lang='lat' dir='ltr'><strong>iunxissent,</strong></span> <span class='ocrx_word' id='word_1_249' title='bbox 399 4064 534 4131; x_wconf 91' lang='lat' dir='ltr'><strong>quorum</strong></span> <span class='ocrx_word' id='word_1_250' title='bbox 547 4040 754 4105; x_wconf 86' lang='lat' dir='ltr'><strong>consiliorum</strong></span> <span class='ocrx_word' id='word_1_251' title='bbox 772 4041 921 4106; x_wconf 85' lang='lat' dir='ltr'><strong>certiores</strong></span> <span class='ocrx_word' id='word_1_252' title='bbox 931 4039 1007 4104; x_wconf 86' lang='lat' dir='ltr'><strong>facti</strong></span> <span class='ocrx_word' id='word_1_253' title='bbox 1024 4052 1113 4104; x_wconf 90' lang='lat' dir='ltr'><strong>erant</strong></span> <span class='ocrx_word' id='word_1_254' title='bbox 1129 4064 1146 4103; x_wconf 91' lang='lat' dir='ltr'><strong>a</strong></span> <span class='ocrx_word' id='word_1_255' title='bbox 1162 4053 1265 4107; x_wconf 90' lang='lat' dir='ltr'><strong>trans-</strong></span> 
     </span>
     <span class='ocr_line' id='line_1_33' title="bbox 200 4151 1265 4245; baseline 0.001 -26"><span class='ocrx_word' id='word_1_256' title='bbox 200 4155 299 4245; x_wconf 78' lang='lat' dir='ltr'><strong>fugis,</strong></span> <span class='ocrx_word' id='word_1_257' title='bbox 323 4168 358 4220; x_wconf 92' lang='lat' dir='ltr'><strong>ut</strong></span> <span class='ocrx_word' id='word_1_258' title='bbox 377 4155 446 4219; x_wconf 90' lang='lat' dir='ltr'><strong>fieri</strong></span> <span class='ocrx_word' id='word_1_259' title='bbox 466 4154 590 4219; x_wconf 91' lang='lat' dir='ltr'><strong>assolet.</strong></span> <span class='ocrx_word' id='word_1_260' title='bbox 640 4151 721 4219; x_wconf 89' lang='lat' dir='ltr'><strong>Cum</strong></span> <span class='ocrx_word' id='word_1_261' title='bbox 741 4165 880 4243; x_wconf 89' lang='lat' dir='ltr'><strong>quatuor</strong></span> <span class='ocrx_word' id='word_1_262' title='bbox 898 4153 1076 4242; x_wconf 77' lang='lat' dir='ltr'><strong>legionibus</strong></span> <span class='ocrx_word' id='word_1_263' title='bbox 1095 4166 1127 4218; x_wconf 91' lang='lat' dir='ltr'><strong>et</strong></span> <span class='ocrx_word' id='word_1_264' title='bbox 1147 4177 1265 4243; x_wconf 80' lang='lat' dir='ltr'><strong>magno</strong></span> 
     </span>
     <span class='ocr_line' id='line_1_34' title="bbox 200 4265 1264 4358; baseline -0.001 -24"><span class='ocrx_word' id='word_1_265' title='bbox 200 4269 343 4358; x_wconf 87' lang='lat' dir='ltr'><strong>equitatu</strong></span> <span class='ocrx_word' id='word_1_266' title='bbox 376 4265 576 4333; x_wconf 87' lang='lat' dir='ltr'><strong>descendunt</strong></span> <span class='ocrx_word' id='word_1_267' title='bbox 611 4266 747 4332; x_wconf 87' lang='lat' dir='ltr'><strong>Romani</strong></span> <span class='ocrx_word' id='word_1_268' title='bbox 782 4267 814 4332; x_wconf 91' lang='lat' dir='ltr'><strong>in</strong></span> <span class='ocrx_word' id='word_1_269' title='bbox 845 4289 1011 4357; x_wconf 88' lang='lat' dir='ltr'><strong>campum;</strong></span> <span class='ocrx_word' id='word_1_270' title='bbox 1044 4267 1160 4333; x_wconf 80' lang='lat' dir='ltr'><strong>Fabius</strong></span> <span class='ocrx_word' id='word_1_271' title='bbox 1190 4289 1264 4333; x_wconf 92' lang='lat' dir='ltr'><strong>cum</strong></span> 
     </span>
    </p>
   </div>
   <div class='ocr_carea' id='block_1_3' title="bbox 227 4520 961 4591">
    <p class='ocr_par' dir='ltr' id='par_1_4' title="bbox 227 4520 961 4591">
     <span class='ocr_line' id='line_1_35' title="bbox 227 4520 961 4591; baseline 0.003 -17"><span class='ocrx_word' id='word_1_272' title='bbox 227 4522 247 4590; x_wconf 89' lang='lat'><strong>¹)</strong></span> <span class='ocrx_word' id='word_1_273' title='bbox 265 4521 342 4575; x_wconf 74' lang='lat' dir='ltr'><strong>Seras.</strong></span> <span class='ocrx_word' id='word_1_274' title='bbox 360 4527 382 4576; x_wconf 94' lang='lat'><strong>1.</strong></span> <span class='ocrx_word' id='word_1_275' title='bbox 402 4530 416 4575; x_wconf 85' lang='lat' dir='ltr'><strong>s</strong></span> <span class='ocrx_word' id='word_1_276' title='bbox 434 4525 447 4591; x_wconf 74' lang='lat' dir='ltr'><strong>t</strong></span> <span class='ocrx_word' id='word_1_277' title='bbox 465 4530 489 4575; x_wconf 85' lang='lat' dir='ltr'><strong>a.</strong></span> <span class='ocrx_word' id='word_1_278' title='bbox 578 4521 598 4591; x_wconf 82' lang='lat'><strong>²)</strong></span> <span class='ocrx_word' id='word_1_279' title='bbox 619 4520 653 4577; x_wconf 78' lang='lat' dir='ltr'><strong>R.</strong></span> <span class='ocrx_word' id='word_1_280' title='bbox 669 4521 701 4578; x_wconf 75' lang='lat' dir='ltr'><strong>G.</strong></span> <span class='ocrx_word' id='word_1_281' title='bbox 718 4527 769 4577; x_wconf 88' lang='lat'>111.</span> <span class='ocrx_word' id='word_1_282' title='bbox 788 4531 837 4577; x_wconf 78' lang='lat' dir='ltr'><strong>tta</strong></span> <span class='ocrx_word' id='word_1_283' title='bbox 856 4539 882 4575; x_wconf 87' lang='lat' dir='ltr'><strong>n.</strong></span> <span class='ocrx_word' id='word_1_284' title='bbox 900 4527 961 4576; x_wconf 71' lang='lat' dir='ltr'><strong>oso.</strong></span> 
     </span>
    </p>
   </div>
   <div class='ocr_carea' id='block_1_4' title="bbox 0 0 1611 5300">
    <p class='ocr_par' dir='ltr' id='par_1_5' title="bbox 0 0 1611 5300">
     <span class='ocr_line' id='line_1_36' title="bbox 0 0 1611 5300; baseline 0 0"><span class='ocrx_word' id='word_1_285' title='bbox 0 0 1611 5300; x_wconf 95' lang='lat' dir='ltr'><strong> </strong></span> 
     </span>
    </p>
   </div>
  </div>
 </body>
</html>
