3154 5294
424 475 484 557 §t
506 478 985 544 sicarricoaraoanrmnact.
1185 484 1242 545 1³3

168 673 300 765 gerere?
325 670 398 738 Non
418 670 497 737 milri
516 672 549 736 in
571 671 713 737 animum
731 694 860 762 possum
878 673 1031 740 inducere
1049 675 1144 742 talem
1158 677 1234 742 reli-

165 788 306 877 gionem,
332 808 414 876 quae
433 808 496 850 non
515 785 680 850 metuisset
700 807 739 849 ne
758 785 791 851 in
811 785 950 853 hostium
967 799 1157 878 potestatem
1175 790 1231 855 illa

165 922 253 964 sacra
277 899 433 964 venirent.

207 1011 303 1078 Unde
328 1024 436 1076 autem
457 1010 622 1076 historiola
644 1011 797 1099 originem
818 1014 962 1091 traxerit,
986 1013 1018 1077 in
1040 1014 1146 1105 aprico
1168 1028 1226 1083 est.

163 1124 330 1190 Gentilicia
362 1146 448 1189 sacra
476 1147 553 1213 prae
584 1125 696 1190 ceteris
721 1124 832 1191 sedulo
852 1125 1063 1191 observabant
1083 1129 1225 1218 patricii,

159 1237 191 1302 in
218 1260 355 1328 quorum
383 1238 512 1328 privatis
532 1237 708 1303 commodis
727 1238 866 1327 primurn
890 1238 1078 1305 obtinebant
1099 1241 1226 1321 locum3

159 1349 293 1416 solemni
319 1348 417 1417 modo
449 1352 618 1443 quotannis
644 1351 904 1431 celebrabantur,
927 1351 1090 1440 piaculum
1114 1355 1226 1420 fuisset

156 1486 282 1528 narrare
309 1463 360 1529 rel
381 1464 479 1530 semel
501 1486 536 1529 ea
558 1463 654 1529 luisse
675 1463 870 1543 intermissa3
894 1463 969 1529 hinc
990 1488 1167 1557 numquam
1190 1491 1226 1533 ea

154 1578 300 1667 neglecta
328 1601 395 1643 esse
423 1579 615 1668 scripserunt
641 1578 778 1668 religiosi
803 1578 940 1667 posteri,
965 1579 1051 1669 quod
1074 1581 1118 1645 ita
1142 1581 1225 1646 rela-

152 1706 222 1757 tum
253 1713 354 1781 quum
383 1691 593 1782 accepissent,
624 1690 718 1756 facile
746 1689 807 1755 sibi
835 1690 1069 1780 persuadebant
1092 1694 1142 1759 rel
1165 1694 1224 1758 ob·

149 1824 234 1867 sessa
253 1800 342 1867 Urbe
363 1824 448 1866 sacra
469 1824 535 1866 esse
555 1813 693 1892 peracta.
731 1799 907 1868 Constabat
926 1803 960 1868 in
982 1816 1091 1869 monte
1115 1804 1221 1889 Quiri-

149 1916 217 1981 nali
248 1936 409 1980 sacrorum
441 1926 596 1982 statutum
616 1938 682 1981 esse
701 1915 825 1990 locum,
855 1918 945 2006 atqui
967 1940 1048 1982 unus
1077 1940 1114 1983 ex
1144 1920 1221 1986 seris

147 2029 276 2120 proavis
302 2027 432 2093 aliunde
452 2049 580 2117 prorsus
605 2028 732 2118 ignotus
753 2040 901 2093 strenuus
920 2028 1106 2095 adolescens
1126 2031 1223 2097 indu·

146 2144 233 2208 citur
256 2143 289 2206 in
310 2141 555 2207 commentarios
576 2138 670 2207 buius
694 2140 910 2206 nobilissimae
931 2143 1052 2230 gentis,
1076 2156 1223 2210 contem-

145 2279 227 2321 nens
252 2255 360 2320 hostes
384 2266 416 2319 et
440 2254 521 2332 tela,
543 2253 723 2343 quisalius
745 2254 906 2344 religionis
926 2255 1045 2320 auxilio
1065 2268 1219 2325 statutum

142 2369 338 2435 sacrificium
362 2369 421 2433 rite
444 2367 512 2432 illic
534 2378 674 2457 peragat.

199 2482 315 2548 Verum
341 2482 472 2546 omnino
500 2479 630 2545 tradidit
651 2479 759 2545 Livius
781 2491 813 2544 et
834 2501 870 2544 er
891 2502 930 2544 eo
954 2479 1097 2545 Valerius
1118 2481 1219 2548 Mari·

141 2618 216 2661 mus
237 2617 324 2660 sacra
346 2593 403 2659 illa
423 2593 520 2659 fuisse
537 2595 680 2682 privata3
704 2603 814 2657 contra
834 2591 932 2658 altera
952 2591 1037 2658 fama
1055 2593 1134 2658 lalsa
1156 2607 1218 2675 est,

140 2731 239 2799 quam
263 2705 417 2773 debemus
433 2704 540 2771 Cassio
557 2705 727 2782 Heminae,
752 2716 788 2769 ut
807 2703 949 2770 Valesius
968 2706 1115 2796 Appiano
1129 2721 1215 2775 recte

140 2821 295 2888 reddidit.
342 2820 443 2885 Dorso
472 2817 653 2908 appellatur
680 2817 721 2882 ab
748 2817 805 2882 illo
832 2818 945 2898 ἱερεύς,
976 2818 1061 2909 apud
1081 2819 1211 2886 Florum

137 2933 303 3027 pontifex,
336 2931 423 3023 quod
455 2930 666 2996 sacerdotium
700 2930 759 2994 [tto
786 2928 911 2996 Cassius
933 2930 993 2996 sibi
1016 2933 1134 3013 noluit,
1158 2936 1214 3000 ubi

138 3048 264 3114 scribit:
291 3047 396 3121 ἐπειδή
416 3069 446 3109 rr
471 3049 529 3109 τῶν
551 3046 634 3123 ἱερῶν
656 3046 751 3124 ἐχρῆν
775 3045 833 3109 ὑπὸ
856 3049 916 3108 τῶν
938 3047 1127 3128 ποντιφίκων
1148 3046 1211 3112 ata-

137 3162 205 3226 λοθί
221 3184 279 3225 που
301 3166 357 3233 τῆς
376 3157 494 3229 πόλεως
521 3158 677 3235 γίνεσθαι,
699 3156 821 3220 Καίσων
840 3158 959 3235 Φάβιος
975 3159 1041 3224 nri.
1077 3158 1111 3223 Si
1127 3184 1210 3250 pun·

137 3274 217 3340 tifex
239 3272 294 3337 ille
318 3292 402 3336 sacra
425 3269 565 3348 lecisset,
590 3269 721 3359 publica
741 3268 860 3334 fuerint
883 3268 958 3334 inde
975 3270 1135 3359 sequitur,
1160 3274 1208 3338 siu

136 3410 212 3455 reru
239 3384 378 3475 publicis
404 3404 483 3473 opus
503 3393 570 3446 erat
590 3383 700 3456 sacris,
724 3381 763 3446 ab
785 3382 907 3473 optimo
931 3405 1060 3474 quoque
1080 3408 1117 3450 ex
1135 3386 1206 3452 aliis

133 3499 355 3568 sacerdotibus
383 3497 490 3586 peragi
516 3494 710 3585 potuissent3
744 3507 776 3559 at
805 3497 974 3585 pontifices
1001 3508 1033 3562 et
1059 3499 1205 3565 flamines
1240 3557 1241 3562 ,

132 3614 295 3680 tutissime
315 3609 414 3677 Caere
429 3631 461 3674 se
478 3620 678 3699 receperant,
702 3620 904 3699 praepostere
922 3632 997 3699 ergo
1014 3610 1204 3700 supplerunt

129 3726 276 3793 historici
308 3723 504 3790 sacerdotem
535 3722 631 3787 fuisse
661 3733 814 3786 nostrum.
864 3720 1014 3788 Trahitur
1045 3723 1085 3787 ad
1116 3723 1202 3789 hunc

128 3841 243 3907 locum
268 3836 493 3928 explicandum
518 3836 655 3901 risurum
675 3834 844 3901 doctorum
866 3834 974 3924 opinio
994 3835 1131 3902 llaminis
1152 3862 1203 3903 sa·

127 3953 309 4020 cerdotium
330 3951 417 4042 genti
441 3949 558 4015 Fabiae
579 3948 745 4039 proprium
766 3947 880 4024 fuisse,
905 3946 957 4012 sed
980 3947 1062 4012 infra
1087 3962 1094 3999 ¹
1117 3950 1200 4016 illud

125 4066 278 4133 refellere
300 4065 450 4132 conabor.
482 4063 630 4153 Denique
651 4062 773 4153 privata
794 4082 879 4126 sacra
900 4060 1031 4126 fuerunt
1051 4062 1198 4143 Herculi,

124 4180 262 4272 opinor,
286 4180 327 4246 de
347 4177 464 4269 quibus
482 4178 515 4242 iu
534 4175 777 4241 Introductione
797 4187 811 4224 ²
834 4174 958 4246 dictum
980 4188 1035 4240 est.

177 4291 244 4359 Nec
283 4291 461 4384 urgendum
496 4289 623 4357 ridetur
650 4288 737 4380 quod
770 4287 894 4355 Cassius
924 4288 1059 4355 llemina
1092 4291 1198 4371 addit,

152 4550 177 4616 1)
200 4550 253 4602 Lib.
271 4553 304 4603 V.
323 4550 384 4616 Cap.
403 4564 440 4602 nn
459 4553 473 4615 ξ
495 4556 516 4602 1.
596 4546 615 4616 ²)
633 4551 695 4615 Peg.
716 4555 755 4599 20.
