3154 5294
320 438 377 500 153
560 456 589 505 o.
610 453 712 498 riorus
733 453 851 506 suros,
873 451 1042 499 ursrourous
1061 433 1135 517 (36).

321 645 388 698 rate
422 630 649 698 demonstrarit
677 632 846 698 Ernestum
876 631 968 697 Fabii
997 653 1123 697 causam
1154 629 1238 695 male
1271 629 1384 699 deleu-

321 745 419 825 disse,
453 747 572 836 quippe
602 746 658 836 qui
688 746 827 810 omiserit
848 745 1029 846 exemplum
1055 756 1063 793 ¹
1088 767 1153 834 quo
1172 744 1325 831 Polybius
1344 746 1385 811 de

321 859 422 925 Fabio
456 857 612 925 iudicium
648 881 739 924 suum
761 859 1030 949 comprobaverit,
1056 871 1125 926 tum
1145 881 1219 925 rero
1240 860 1383 926 attulerit

321 975 361 1039 de
382 973 484 1039 causis
503 972 581 1038 belli
602 973 716 1039 Punici
736 973 830 1064 primi
854 974 916 1039 alia
935 985 1135 1060 argumenta,
1158 995 1255 1063 quam
1275 973 1385 1062 requi·

320 1098 437 1155 ruutur
455 1087 496 1152 ad
515 1086 728 1174 Polybianum
749 1087 903 1152 iudicium
923 1086 1135 1152 refellendum
1158 1098 1182 1152 ².

364 1199 594 1266 Niebuhrius³
626 1201 750 1291 scripsit
776 1200 876 1265 Fabio
901 1200 935 1265 id
962 1200 1059 1266 fuisse
1082 1199 1250 1265 consilium
1272 1212 1307 1264 ut
1327 1199 1386 1265 ob-

319 1314 402 1379 riam
424 1313 485 1378 iret
503 1313 647 1391 Graecis,
671 1313 727 1402 qui
747 1313 907 1378 Romanos
924 1313 1013 1401 parri
1031 1312 1210 1391 faciebant,
1234 1334 1300 1377 uon
1319 1312 1385 1377 llo·

318 1451 430 1492 manos
460 1449 567 1492 rerum
598 1427 705 1517 potius
733 1426 868 1492 Graecos
898 1449 972 1492 eum
1003 1436 1076 1491 ante
1108 1424 1217 1490 oculos
1237 1424 1385 1490 habuisse

320 1540 472 1618 lectores,
492 1551 601 1604 contra
622 1564 702 1630 quos
721 1540 906 1606 defenderet
918 1541 1096 1617 Romanos,
1114 1561 1178 1628 qua
1192 1539 1225 1603 in
1243 1562 1276 1604 re
1291 1538 1387 1604 nimis

321 1652 381 1717 sibi
410 1652 600 1718 indulsisset.
648 1653 789 1742 Arripuit
815 1650 1036 1740 Bernhardy*
1070 1650 1154 1716 hauc
1187 1651 1387 1740 opinionem

319 1763 405 1830 houd
418 1765 461 1830 its
477 1778 577 1842 reete,
594 1789 666 1831 nam
678 1764 874 1831 Niebubrius
891 1765 992 1830 Fabio
1011 1764 1124 1829 tribuit
1145 1763 1281 1854 aliquid,
1297 1764 1386 1855 quod

321 1878 361 1944 de
372 1877 525 1967 Dionysio
540 1890 664 1949 constat
680 1902 717 1943 er
733 1879 832 1969 ipsius
846 1878 962 1955 serbis,
983 1876 1022 1942 de
1033 1877 1092 1943 illo
1104 1900 1178 1942 sero
1188 1878 1370 1966 ignoramus
1377 1903 1388 1956 ς

320 2012 406 2057 nuno
422 1990 506 2057 idem
524 1991 605 2056 illud
621 1991 713 2057 rideo
731 1991 909 2058 obsecrasse
919 1990 1022 2056 Leuis
1037 2005 1066 2068 ⁵,
1090 1988 1145 2054 ubi
1157 1988 1385 2078 Schneglero⁶

321 2104 491 2170 assentitur
517 2116 648 2194 propter
674 2105 803 2195 linguae
825 2104 958 2169 Latinae
976 2103 1148 2170 ruditatem
1170 2103 1289 2171 Graece
1309 2104 1387 2170 scri·

320 2217 395 2282 bere
420 2217 567 2283 debuisse
592 2218 760 2283 Pictorem.

365 2329 434 2396 Nec
453 2328 631 2419 urgendum
651 2342 697 2393 est
717 2327 803 2418 quod
821 2327 972 2394 Krause⁷
993 2327 1108 2406 credit,
1128 2328 1264 2394 Fabium
1278 2351 1388 2393 amore

318 2443 352 2507 in
379 2442 547 2534 populares
580 2441 714 2506 ductum
742 2463 815 2507 cum
840 2442 953 2507 ceteris
976 2441 1129 2507 Romanis
1151 2439 1307 2507 historicis
1326 2464 1387 2532 po·

317 2555 388 2647 puli
416 2554 500 2621 facta
531 2566 724 2643 gentemque
750 2554 882 2619 Fabiam
907 2555 1001 2620 nimis
1030 2554 1223 2634 celebrasse,
1256 2577 1329 2619 narn
1351 2577 1386 2620 re

319 2689 393 2733 rere
413 2666 564 2756 patricius
590 2667 645 2730 ille
665 2667 839 2732 contrarias
863 2680 967 2756 partes
987 2667 1093 2758 potius
1115 2667 1275 2746 delendit;
1298 2679 1385 2733 certs

318 2778 442 2845 etiamsi
472 2776 586 2841 desunt
615 2789 814 2865 argumenta,
845 2770 950 2843 tamen
979 2779 1027 2843 nil
1051 2779 1222 2845 conficitur
1248 2802 1286 2844 ex
1314 2781 1387 2846 loco

319 2913 415 2981 quem
444 2888 553 2954 attulit
572 2888 629 2953 ille
648 2888 689 2955 de
709 2889 872 2955 Rulliano.
919 2890 975 2957 Sin
993 2913 1068 2956 rero
1088 2892 1181 2983 plura
1200 2914 1273 2959 suae
1292 2916 1386 2982 prae-

318 3004 427 3071 sertim
456 3004 558 3092 geutis
583 3004 617 3067 iu
645 3002 737 3068 Fabii
758 3002 940 3093 legerentur
958 3005 1144 3084 annalibus,
1172 3027 1282 3071 eorum
1303 3005 1386 3071 lenti

318 3116 401 3182 illud
418 3115 591 3194 tribuatur,
608 3118 851 3184 commentarios
868 3118 1007 3184 familiae
1024 3118 1107 3184 volo.
1139 3116 1253 3207 Neque
1269 3115 1385 3184 deiude

318 3229 476 3295 contraria
506 3225 635 3293 delendi
663 3242 768 3318 potest
793 3231 949 3296 sententia
969 3240 1000 3310 ⁸,
1024 3230 1115 3295 Fabii
1136 3230 1286 3295 historiae
1308 3232 1385 3295 scri·

286 3366 290 3375 ’
317 3341 443 3409 bendae
456 3343 612 3407 rationem
627 3343 752 3432 patricii
762 3342 1001 3433 quodammodo
1013 3344 1190 3433 oppositam
1204 3367 1270 3409 esse
1282 3342 1386 3410 Cincii

317 3456 454 3548 plebeii;
484 3455 548 3520 iam.
572 3456 707 3546 explosit
727 3479 796 3521 eam
822 3457 938 3548 Zumpt
958 3472 983 3523 θ.
1031 3457 1118 3540 Quae
1138 3459 1242 3523 variae
1262 3456 1302 3522 de
1323 3457 1385 3523 hac

317 3591 352 3634 re
371 3567 545 3635 sententiae
563 3580 655 3633 natae
677 3569 824 3634 sidentur
843 3593 881 3636 ex
900 3594 955 3649 eo,
975 3570 1062 3662 quod
1082 3570 1221 3660 antiquis
1242 3570 1306 3635 illis
1325 3571 1384 3637 tri·

317 3682 431 3761 buaut,
472 3705 554 3773 quae
589 3682 817 3751 recentioribus
853 3683 982 3749 demum
1022 3682 1179 3749 historicis
1213 3682 1385 3761 debemus,

317 3794 427 3860 turbas
455 3807 488 3860 et
516 3797 738 3861 contentiones
766 3797 852 3861 euim
885 3797 1016 3863 seriores
1042 3798 1092 3862 illi
1118 3798 1218 3863 fusius
1238 3797 1385 3863 elabora·

316 3920 407 3985 runt,
431 3931 510 3999 quas
530 3909 625 3974 verbo
644 3910 741 3999 prisci
758 3910 809 3974 illi
826 3910 1005 4000 attigerant.

363 4020 453 4103 Quod
474 4022 614 4112 denique
628 4022 768 4111 'Krausio
790 4037 820 4076 ¹⁰
841 4023 1038 4089 auctoritatis
1058 4024 1149 4089 Fabii
1169 4023 1295 4089 ridetur
1315 4046 1382 4089 esse
1488 4058 1492 4070 ·

318 4147 559 4223 argumentum,
578 4136 687 4226 plures
703 4159 818 4228 nempe
836 4138 1003 4228 scriptores
1020 4160 1092 4202 euru
1108 4137 1291 4228 praesertim
1306 4158 1382 4201 ouc-

346 4329 367 4397 ¹)
384 4330 423 4383 Cf.
441 4332 530 4396 bagm.
548 4332 680 4386 XXXIV.
741 4332 762 4402 1)
779 4334 818 4386 Cf.
836 4335 925 4400 fragm.
943 4335 1103 4387 XXXVIII.
1166 4332 1186 4400 ³)
1203 4331 1239 4385 R.
1257 4331 1288 4385 G.
1305 4335 1345 4384 Π.
1364 4338 1387 4383 9.

313 4414 334 4482 4)
351 4417 486 4481 Pug.524.
522 4415 633 4484 5)1.82.
668 4417 689 4486 fi)
706 4422 728 4471 1.
739 4425 781 4472 96.
815 4419 837 4487 7)
853 4422 969 4485 Psg.bl.
1010 4420 1031 4488 ⁸)
1048 4422 1141 4482 Blum,
1158 4419 1246 4471 introd
1264 4427 1314 4470 unt.
1331 4418 1387 4471 tut.

310 4497 383 4551 Rom.
401 4504 444 4553 ot.
496 4500 517 4570 9)
535 4501 609 4554 Anat.
627 4504 680 4556 crit.
698 4507 721 4556 1.
742 4512 782 4556 ιο.
834 4504 865 4575 ¹⁰)
883 4507 945 4571 Peg.
965 4512 1005 4557 51.
