3194 5302
343 471 382 534 72
444 489 474 531 n.
486 487 590 531 riorus
601 487 629 538 o.
641 488 669 531 r.
680 487 710 531 n.
725 487 753 531 x.
765 486 926 533 vmoxtuus
936 470 992 554 (6).
1010 470 1070 554 Μ.
1084 489 1166 532 roua.
1180 490 1250 535 axx.
1262 470 1334 534 sot.

352 668 554 731 tribunicius
583 677 665 744 erat,
689 688 754 731 non
777 688 851 732 rero
870 668 1040 746 tribanos,
1062 680 1144 757 quae
1164 667 1335 734 difficultas
1353 665 1419 733 tol-

352 764 473 842 leictur
500 776 677 841 dummodo
700 799 762 865 pro
785 777 822 842 dx
842 777 1047 867 participium
1066 778 1174 843 aoristi
1194 779 1324 845 rescribi
1344 802 1421 870 pos-

351 901 416 967 set3
439 912 576 955 errorem
597 913 661 956 non
683 888 821 954 librariis
839 889 1007 956 tribuerim
1026 891 1081 956 sed
1102 890 1262 967 Diodoro,
1287 892 1346 982 qui
1367 915 1418 958 os·

351 1002 486 1068 citarier
515 1003 609 1069 vertit
632 1002 798 1069 tribunum
819 1003 959 1068 militum
982 1003 1140 1070 consulari
1160 1016 1334 1094 potestate,
1363 1004 1420 1069 ubi

349 1114 540 1180 tribunicius
564 1126 632 1180 erat
656 1114 864 1180 inducendus.
1089 1093 1092 1099 Ι

560 1298 578 1381 §
604 1302 634 1363 7.
672 1296 850 1384 [Pontifex
873 1300 1040 1360 maximus
1065 1300 1130 1362 364
1155 1296 1197 1385 ¹.]v

389 1457 477 1521 Inter
507 1455 655 1533 fabellas,
687 1476 771 1545 quae
797 1453 836 1519 ad
864 1453 988 1520 cladem
1020 1452 1176 1520 Gallicam
1202 1453 1416 1521 exornandam

343 1569 539 1659 excogitatae
571 1579 661 1648 sunt,
693 1590 792 1635 unam
823 1590 899 1658 prae
929 1569 1038 1659 paucis
1064 1568 1185 1659 respuit
1205 1568 1328 1646 Livius,
1358 1590 1417 1632 cur

340 1682 404 1746 iam
422 1683 474 1747 isti
497 1681 594 1747 iidem
616 1680 832 1747 habebimus?
868 1679 979 1746 »Sunt
1005 1682 1077 1771 qui,
1106 1681 1231 1771 inquit,
1254 1680 1298 1745 Μ.
1313 1680 1415 1745 Fabio

339 1795 494 1887 pontifice
522 1795 661 1860 mar-imo
680 1794 846 1885 praefante
867 1816 995 1860 carmen
1016 1794 1146 1860 tradunt
1166 1817 1254 1860 senes
1274 1795 1307 1859 in
1328 1793 1414 1858 atriis

338 1930 371 1973 se
391 1906 558 1975 devovisse
577 1931 636 1998 pro
657 1907 761 1997 patria
782 1906 1018 1997 quiritibusqua
1035 1906 1222 1985 Romanis,''
1242 1906 1297 1971 ubi
1310 1905 1413 1971 obiter

342 2018 541 2086 monendum
568 2029 614 2082 est
644 2016 881 2082 emendandum
906 2039 973 2083 esse
999 2040 1086 2108 »pro
1109 2019 1236 2108 popxdo
1264 2016 1414 2083 Romano

341 2132 546 2221 (laz‘rita'uffl
566 2153 604 2196 er
624 2129 760 2197 solemni
779 2129 918 2195 formula
941 2143 964 2195 ².

384 2242 573 2311 Plutarchus
605 2242 668 2309 hoc
697 2242 781 2334 apud
810 2243 937 2310 Livium
960 2243 1068 2334 legens
1088 2245 1195 2309 statim
1218 2243 1352 2334 arripuit
1371 2242 1412 2307 ad

337 2381 448 2424 senum
479 2356 647 2422 interitum
669 2356 908 2423 illustrandum.
956 2357 1028 2447 Ego
1045 2379 1244 2447 veronaque
1266 2379 1355 2422 senes
1379 2378 1411 2421 se

337 2468 500 2536 devovisse
530 2467 643 2547 credo,
677 2478 782 2558 neque
813 2468 948 2533 Fabium
978 2480 1122 2534 nostrum
1153 2480 1231 2534 tunc
1259 2470 1412 2559 temporis

338 2583 450 2649 ririsse
480 2582 632 2672 suspicor.
686 2581 864 2647 Venerandi
888 2581 937 2646 illi
959 2605 1048 2648 senes
1074 2604 1140 2647 non
1161 2593 1310 2674 poterant
1331 2581 1412 2648 scire

338 2696 398 2760 sibi
437 2694 588 2760 ultimum
622 2692 762 2757 illuxisse
795 2693 896 2771 diem,
929 2692 968 2758 dc
1001 2692 1170 2758 devotione
1201 2706 1308 2761 autem
1341 2707 1411 2761 tum

339 2830 444 2872 sermo
463 2830 529 2872 esse
549 2817 672 2896 potest,
694 2805 751 2870 ubi
769 2805 948 2870 voluntaria
966 2818 1072 2871 morte
1089 2805 1253 2872 Romanus
1274 2830 1306 2873 oe
1325 2807 1410 2875 hosti

339 2920 522 2986 obiecturus
548 2932 611 2999 est,
642 2931 677 2983 ut
702 2918 872 2984 Deciorum
891 2920 1087 3010 exemplum,
1114 2931 1169 2984 aut
1190 2932 1295 2986 certae
1313 2923 1410 2986 morti

338 3032 463 3097 obviarn
495 3042 590 3108 eunt,
623 3040 659 3094 ut
688 3028 731 3095 M.
753 3028 891 3095 Curtius.
949 3031 1061 3096 Postea
1086 3030 1168 3096 illud
1194 3032 1409 3122 excogitatum

337 3144 482 3222 ridetur,
516 3142 659 3209 sciebant
691 3141 777 3207 euim
807 3142 923 3232 posteri
953 3141 1072 3206 multos
1101 3165 1190 3208 senes
1221 3144 1351 3233 periisse
1374 3148 1409 3212 in
1479 3198 1485 3209 .
1577 3110 1578 3181 l

337 3256 429 3325 clade
464 3257 602 3335 Gallica,
635 3256 692 3346 qui
734 3267 770 3320 ut
807 3256 868 3320 rita
904 3255 1075 3320 morientes
1105 3255 1408 3336 describantur,.se

339 3370 502 3437 devovisse
528 3370 694 3458 finguntur
712 3391 730 3433 a
751 3368 904 3457 posteris,
928 3378 961 3432 et
986 3376 1061 3432 inor
1083 3367 1260 3434 denotionis
1279 3392 1408 3436 carmen

336 3482 466 3549 aliunde
492 3482 629 3571 petitum
652 3480 765 3546 adstat.
812 3479 921 3546 Livius
944 3480 1146 3545 historiolam
1162 3493 1248 3548 recte
1271 3483 1407 3574 respuit,

335 3618 410 3661 narn
440 3617 536 3684 quem
567 3614 684 3681 quaeso
713 3614 835 3657 anuum
864 3592 978 3682 egisset
1007 3593 1110 3659 bonus
1138 3605 1244 3659 noster
1270 3595 1406 3675 Fabium

336 3709 399 3774 luit
427 3708 524 3773 trium
551 3704 752 3770 tribunorum
781 3716 888 3794 pater,
913 3705 1080 3770 consulatu
1100 3705 1230 3770 functus
1251 3718 1297 3771 est
1320 3731 1404 3774 anno

337 3825 419 3900 312,
439 3821 606 3886 tribunatu
623 3821 709 3895 321,
728 3840 802 3907 ergo
823 3816 949 3882 circiter
970 3820 1036 3882 270
1056 3829 1166 3898 natus,
1186 3830 1218 3884 et
1238 3817 1300 3883 hoc
1319 3843 1403 3887 anno

339 3939 404 4002 364
438 3931 602 4000 devotioni
640 3930 791 3996 adfuisset
818 3934 861 3997 94
893 3931 1004 3995 aetatis
1040 3953 1143 4009 anuo,
1177 3931 1269 3997 cuius
1293 3932 1404 4007 aetatis

334 4048 478 4138 exempla
498 4044 669 4112 nulladum
688 4045 833 4110 invenire
849 4028 942 4136 potui
962 4046 997 4108 in
1013 4044 1145 4109 historia
1160 4044 1319 4124 Romarm
1339 4047 1402 4112 iam

335 4161 398 4228 hoc
416 4183 545 4252 quoque
566 4183 624 4250 per
641 4159 862 4250 exceptionem
879 4169 960 4224 esset
975 4157 1210 4248 explicandum.
1257 4159 1328 4224 lloc
1346 4183 1402 4224 eo·

361 4450 381 4516 ¹¹)
400 4452 456 4503 Lir.
475 4454 511 4502 V.
529 4449 661 4509 413Plut.
685 4445 749 4498 Com.
770 4455 811 4499 21.
891 4446 915 4515 2)4
931 4446 1045 4499 Mncnws.
1063 4449 1084 4498 Ι.
1095 4465 1120 4512 p.
1140 4453 1174 4499 95
1191 4457 1215 4499 et
1234 4452 1283 4508 96,
1299 4449 1332 4499 cf.
1348 4449 1411 4498 Ixir.

324 4538 402 4590 unt
421 4542 454 4599 9,
469 4536 519 4587 IX.
542 4541 588 4596 10,
605 4533 641 4584 X.
661 4538 705 4583 28.
