3154 5294
345 465 403 527 112
444 454 998 541 uraniusu.r.rr.u.rrronsrus(13).
1015 455 1196 540 §lonssur
1207 456 1232 520 1.
1243 457 1312 520 394.

349 670 421 750 post
450 657 570 726 Urbem
599 665 723 747 captam
747 654 946 737 τριακκστῷς
981 664 1049 719 tum
1078 675 1152 720 roro
1179 653 1316 720 Romani
1343 676 1409 720 non

345 776 426 837 nusi
453 780 531 842 sunt
560 768 667 860 copias
695 767 831 833 educere
863 764 1010 833 adsersus
1040 788 1108 846 eos,
1139 769 1193 832 οὐκ
1227 764 1407 846 ἐτόλμησαν

343 883 581 963 arragonensi
605 880 889 964 ciceronianis,
925 879 1000 969 quia
1031 878 1222 969 necopinato
1249 880 1407 949 venisseut

345 1017 452 1087 neque
481 1006 559 1061 tunc
596 995 669 1063 satis
708 993 863 1059 sociorum
897 991 1005 1082 colligi
1033 1003 1149 1081 posset.
1191 991 1278 1058 llaec
1308 992 1406 1081 Poly·

344 1107 390 1173 bii
408 1107 524 1174 tradita
544 1107 653 1175 Livius
674 1107 802 1172 omnino
823 1104 975 1195 neglexit:
999 1104 1075 1171 hinc
1096 1105 1186 1172 uobis
1204 1105 1335 1197 reliquit
1353 1106 1405 1172 iu·

343 1221 426 1286 litias
445 1222 491 1287 ire
510 1219 697 1311 triumphis,
722 1232 790 1285 tum
812 1219 857 1298 ei,
881 1242 975 1308 quom
996 1219 1133 1286 dictator
1151 1217 1304 1287 Camillus
1319 1244 1403 1286 auno

343 1336 408 1400 387
437 1335 536 1424 egisse
560 1333 676 1414 fertur,
701 1348 768 1402 tum
790 1333 835 1412 ei,
858 1355 955 1424 quem
976 1330 1011 1400 T.
1033 1332 1198 1416 Quinctius
1216 1356 1300 1399 anuo
1320 1340 1405 1414 393,

342 1458 412 1512 tum
441 1446 595 1536 denique,
629 1469 725 1536 quem
754 1444 807 1512 hic
834 1445 946 1512 consul
972 1446 1131 1512 Poetelius
1155 1446 1195 1512 de
1224 1446 1323 1512 Gallis
1342 1445 1404 1513 boc

341 1583 426 1626 auno
453 1561 565 1651 egisset
586 1560 714 1626 scilicet.
762 1559 803 1624 dt
825 1558 978 1648 Polybius
1000 1582 1097 1651 qnam
1117 1571 1272 1626 memorat
1293 1571 1404 1626 contra

341 1673 459 1741 Albam
489 1671 664 1765 expeditio,
688 1671 773 1738 cadit
801 1672 834 1737 in
862 1695 981 1738 anuum
1004 1672 1265 1763 praecedentem
1296 1674 1402 1741 lorsrm

341 1785 403 1853 hoc
424 1809 508 1853 auno
528 1799 699 1877 postquam
718 1785 854 1851 dictator
872 1784 975 1852 dictus
994 1797 1041 1851 est
1063 1799 1094 1851 et
1111 1786 1270 1852 sociorum
1288 1787 1403 1854 auxilia

341 1910 532 1977 courocata,
566 1899 702 1965 Romani
734 1900 877 1964 vicerunt
904 1898 1010 1965 Gallos
1031 1911 1064 1964 et
1084 1897 1124 1965 de
1144 1899 1181 1964 iis
1204 1899 1403 1990 triumphum

340 2014 430 2080 duxit
443 2012 570 2089 ¹consul.
620 2010 685 2077 cat
700 2012 845 2103 opinioni
863 2011 956 2104 plura
977 2010 1081 2077 babeo
1101 2013 1305 2103 opponendas
1341 2013 1404 2081 Po-

343 2125 450 2215 lybius
482 2126 567 2191 enim
598 2124 727 2191 subiicit
754 2124 852 2190 altera
879 2123 1080 2214 expeditione
1100 2124 1292 2191 duodecimo
1319 2147 1404 2192 anno

340 2252 413 2333 post
427 2239 568 2331 primum
582 2238 740 2304 Romanos
752 2261 843 2304 ausos
853 2259 919 2303 esse
932 2236 1031 2303 Gallis
1045 2238 1204 2318 resistere3
1220 2239 1254 2304 in
1270 2238 1404 2305 Liviana

340 2353 456 2420 deinde
484 2353 663 2419 narratione
693 2373 794 2442 pauca
825 2350 982 2442 quaedam
1009 2349 1128 2416 iudicia
1157 2351 1291 2431 adsunt,
1321 2375 1403 2444 qnae

339 2466 542 2534 verisimilem
569 2489 639 2532 eam
666 2487 732 2530 nou
762 2463 910 2531 reddunt.
957 2462 1022 2531 Gur
1041 2463 1126 2530 enirn
1146 2464 1270 2546 Lirius,
1293 2465 1350 2557 qui
1376 2467 1404 2533 si

341 2579 390 2646 rel
407 2579 666 2671 appropinquant
684 2577 804 2657 hostes,
822 2589 884 2644 tam
902 2599 995 2668 saepe
1014 2577 1150 2643 scribere
1166 2579 1246 2646 solet
1262 2580 1299 2645 ad
1316 2602 1404 2646 sum·

337 2713 426 2758 mum
446 2714 551 2757 rerum
569 2690 738 2757 discrimen
758 2692 878 2756 venisse
896 2691 1143 2782 rempublicam,
1166 2690 1228 2758 hcc
1247 2714 1332 2759 anno
1351 2693 1402 2759 fa·

338 2814 425 2869 tetur
453 2805 548 2869 houd
567 2804 691 2896 procul
718 2827 740 2868 a
756 2812 865 2895 porta
886 2815 1065 2894 pugnatum
1084 2827 1170 2884 esse,
1194 2817 1304 2872 contra
1325 2807 1402 2873 snb·

337 2916 441 3005 iungit
469 2916 593 2982 nullam
624 2916 714 2982 anxie
743 2915 971 3006 trepidantium
998 2916 1115 2986 sirium
1136 2917 1401 3010 descriptionem,

338 3050 439 3121 quum
463 3039 657 3119 pugnaretur
678 3029 709 3094 in
729 3040 902 3118 conspectu
920 3039 1089 3118 parentum
1111 3051 1148 3095 ac
1168 3031 1340 3121 coniugum
1359 3033 1402 3099 li-

337 3143 533 3232 berumque,
566 3142 631 3207 imo
662 3149 773 3206 contra
803 3140 923 3207 Gallos.
971 3139 1052 3206 Tum
1077 3166 1094 3206 a
1121 3141 1277 3210 dictatore
1303 3145 1399 3212 tradit

336 3279 404 3322 rem
425 3278 491 3323 esse
507 3267 609 3322 aotam
630 3254 773 3348 egregie,
799 3254 935 3343 (nullam
956 3254 1070 3345 opinor
1089 3254 1252 3323 dictatoris
1274 3258 1399 3326 cladem

336 3370 507 3436 memoriae
521 3367 712 3435 mandarunt
728 3366 889 3458 Romani),
907 3367 1062 3433 secundas
1076 3369 1182 3459 potius
1199 3371 1308 3438 tulisse
1324 3396 1398 3464 par·

336 3494 383 3549 tes
403 3480 585 3559 consulem,
609 3480 666 3572 qui
685 3479 842 3570 fugientes
861 3491 894 3544 et
914 3479 1014 3544 Tibur
1033 3502 1065 3546 se
1082 3481 1273 3573 recipientes
1293 3482 1399 3552 hostes

337 3595 513 3687 compulit;
548 3592 684 3658 dictator
714 3614 788 3656 rero
819 3590 976 3657 abdicarit
1000 3615 1032 3659 se
1054 3593 1257 3683 magistratu,
1282 3596 1322 3663 de
1342 3601 1399 3666 tri-

338 3708 458 3799 umpho
487 3707 595 3773 nullus
624 3706 661 3771 fit
691 3727 809 3783 sermo,
841 3704 964 3770 etiarnsi
998 3704 1085 3771 idem
1114 3706 1171 3773 ille
1200 3708 1322 3777 Urbem
1361 3735 1398 3779 ex

337 3844 462 3888 summo
496 3819 640 3912 periculo
673 3817 854 3897 liberasset,
894 3829 1003 3883 contra
1039 3818 1253 3911 triumphasse
1289 3826 1398 3893 scribit

336 3935 523 4001 Poetelium.
564 3933 651 4017 Quae
673 3931 778 3997 omnin
800 3952 900 4022 quum
921 3943 1007 3998 recte
1025 3934 1247 4024 perpenderis,
1271 3961 1396 4006 mecum

336 4058 469 4127 statuas,
498 4047 629 4137 opinor,
652 4043 828 4110 Poetelium
848 4042 887 4109 de
909 4043 1093 4111 Tiburtibus
1111 4058 1182 4137 post
1204 4070 1252 4114 rcs
1272 4049 1397 4119 fortiter

335 4162 420 4225 actas
439 4158 564 4224 duxisse
586 4156 800 4248 triumphum,
825 4178 889 4222 nou
909 4178 984 4222 vero
1004 4155 1044 4222 de
1066 4158 1179 4238 Gallis,
1203 4162 1396 4252 quibuscum

335 4293 442 4364 neque
464 4270 521 4337 ille
541 4292 653 4362 neque.
667 4270 804 4337 dictator
818 4268 1105 4363 pugnarit‚ittque
1122 4295 1227 4364 neque
1243 4275 1320 4343 rioit
1332 4300 1395 4346 eos.

334 4385 383 4452 Ile
413 4383 540 4452 Servilii
568 4384 722 4450 dictatura
744 4382 821 4476 qnid
841 4383 1042 4450 statuendum
1064 4385 1123 4465 sit,
1147 4387 1303 4454 nescimus
1322 4391 1395 4481 qui-

335 4498 424 4579 dem,
454 4496 508 4567 sed
538 4498 612 4565 satis
638 4497 816 4566 verisimilis
845 4497 1027 4566 coniectura
1054 4497 1195 4580 ridetur,
1229 4499 1391 4571 Ludornm
