3190 5304
361 419 419 480 432
578 398 660 478 raon.
679 432 781 480 riorus
802 437 828 486 o.
852 434 879 479 r.
900 428 927 486 ος
950 433 978 480 n.
1000 432 1129 480 unxruus
1149 417 1224 501 (56).

363 622 444 691 erat,
466 624 500 676 ut
517 625 666 703 quartum
686 613 834 680 libellum
850 614 884 678 in
903 611 1056 679 honorem
1072 614 1287 703 privignorum
1306 610 1430 691 ederet,

363 746 459 815 quarn
490 748 564 815 ergo
592 726 789 817 prouinciam
819 734 915 817 pobta
948 726 1109 816 eleganter
1134 725 1264 793 mandat
1293 741 1303 777 ¹
1334 726 1432 790 Peulo

361 838 512 917 llorimo,

570 950 746 1043 »Namque
771 963 803 1017 et
826 951 944 1018 nobilis
968 964 1000 1018 et
1024 950 1140 1018 decens

613 1067 685 1131 »llt
708 1090 767 1156 pro
792 1066 938 1131 sollicitis
961 1089 1026 1131 non
1051 1066 1165 1130 tacitus
1186 1065 1263 1143 reis,

541 1255 544 1262 Ι
569 1178 793 1244 »litcentum
816 1202 897 1269 puer
919 1179 1054 1258 artium,

613 1291 719 1357 »Late
743 1292 831 1381 signa
855 1293 935 1358 feret
959 1292 1093 1358 militiae
1116 1294 1220 1357 tuae.’'

401 1402 575 1471 Maximum
595 1403 688 1469 illurn
707 1404 803 1470 luisse
822 1404 958 1470 Fabium
978 1404 1156 1495 Porphyrio
1181 1404 1433 1483 solusaunotat,

364 1517 451 1608 quod
480 1516 610 1607 collegit
641 1529 874 1584 commentator
900 1519 959 1584 iste
988 1541 1025 1583 er
1053 1518 1121 1607 ipso
1149 1518 1237 1596 looo;
1269 1529 1431 1582 certarunt

362 1644 468 1697 tamen
498 1630 557 1696 riri
585 1629 687 1710 docti,
723 1642 829 1695 utrum
859 1629 945 1696 idem
966 1631 1022 1696 ille
1044 1631 1160 1696 Paulus
1181 1631 1298 1697 Fabius
1318 1630 1431 1696 consul

363 1748 429 1810 743
448 1743 676 1833 intelligendus
695 1742 752 1822 sit,
777 1766 816 1807 an
838 1743 922 1808 iilius
942 1746 1019 1810 eius.
1068 1743 1228 1832 Equidem
1246 1742 1341 1809 facile
1361 1764 1430 1808 cre·

363 1855 499 1923 diderim
520 1878 595 1921 eum
614 1858 719 1944 ipsum
740 1853 799 1920 sibi
826 1854 962 1921 roluisse
990 1863 1134 1945 poe'tam,
1159 1855 1216 1946 qui
1244 1879 1329 1921 enno
1349 1859 1430 1933 739,

363 1991 436 2058 ergo
464 1971 484 2032 4
513 1966 603 2032 annis
633 1967 935 2033 anteconsulatum
958 1968 1074 2045 nostri,
1095 1968 1140 2032 sic
1168 1969 1273 2057 potuit
1303 1991 1430 2047 canere,

362 2082 493 2147 necisto
507 2088 650 2171 ternpore
669 2080 813 2146 consules
831 2103 887 2146 sua
907 2081 1036 2147 tandem
1057 2092 1159 2145 aetate
1176 2080 1217 2145 ad
1235 2079 1295 2147 hoe
1313 2104 1429 2147 munus

363 2194 600 2285 perveniebant.
629 2192 884 2258 .Grarissirnum
922 2205 1027 2258 autem
1061 2206 1282 2281 argumentum
1320 2205 1429 2259 contra

364 2309 446 2374 banc
467 2308 650 2398 opinionem
670 2305 786 2372 cecidit
808 2317 838 2384 ²,
871 2329 944 2371 num
975 2304 1063 2396 quod
1085 2303 1216 2371 Ovidius
1236 2306 1274 2372 ad
1294 2307 1428 2373 Fabium

365 2420 523 2511 scripsisse
547 2418 737 2485 credebatur
757 2432 784 2482 ³:

567 2533 668 2599 »Tibi
691 2532 839 2597 incunis
863 2532 969 2597 oscula
992 2532 1094 2621 prima
1117 2530 1223 2599 dedi.''

363 2649 552 2725 Maximum,
592 2646 717 2713 Cottam
755 2667 888 2736 nempe,
927 2657 1067 2735 spectat,
1106 2654 1140 2711 ut
1172 2657 1257 2711 recte
1292 2648 1428 2714 ostendit

364 2759 537 2826 llaalrbius.

408 2873 508 2937 Docet
536 2872 593 2936 illo
615 2870 687 2935 loco
708 2871 858 2938 Horatius
878 2872 1014 2937 Paulum
1035 2872 1127 2936 illum
1147 2873 1322 2940 Maximum
1343 2875 1425 2966 apud

364 2987 541 3073 Augustum
560 3006 619 3073 pro
639 2983 699 3048 reis
719 2983 916 3051 intercedere
937 2984 1061 3063 solere,.
1077 2983 1160 3051 hanc
1181 2985 1222 3049 ob
1241 3007 1368 3053 causam
1388 3010 1424 3052 co

361 3097 460 3187 mugio
489 3107 630 3161 nostrum
662 3097 822 3187 intelligo,
853 3097 893 3162 ad
916 3120 1011 3187 quem
1034 3096 1166 3163 Ovidius
1186 3099 1337 3189 epistolas
1356 3123 1423 3164 suas

361 3210 500 3301 scripsit,
533 3209 620 3301 quod
642 3232 769 3300 prorsus
789 3210 875 3276 idem
899 3210 984 3276 Naso
1004 3211 1133 3276 mutatis
1155 3212 1256 3277 verbis
1275 3211 1423 3278 decanta·

359 3325 446 3390 uerit·
463 3322 504 3388 dc
527 3322 665 3388 Maximo
689 3345 747 3388 suo
772 3331 799 3387 ⁴:

429 3438 502 3504 »dt
526 3451 579 3502 tua
604 3437 803 3528 supplicibus
827 3436 941 3503 domus
965 3449 1011 3503 est
1035 3450 1156 3503 assueta
1180 3438 1361 3518 iuvandis;'’

359 3566 429 3617 tum
450 3550 602 3616 flebiliter
621 3550 793 3616 admodum
814 3550 902 3640 quod
922 3573 995 3616 eum
1012 3551 1198 3641 deprecatus
1214 3553 1253 3618 sit
1270 3534 1420 3643 relegatus

361 3672 457 3756 potita
484 3676 632 3753 uergente
656 3675 767 3754 quarta
787 3662 911 3742 hieme,
936 3676 970 3727 ut
998 3687 1057 3753 pro
1083 3664 1186 3729 amico
1216 3665 1419 3732 intercederet

346 3776 445 3869 'apud
469 3777 690 3869 principem⁵:
754 3863 759 3876 ι
786 3772 789 3777 ’

428 3890 540 3969 olor,
563 3913 690 3981 precor,
717 3890 870 3979 Augustas
894 3912 951 3981 pro
975 3913 1026 3954 me
1049 3902 1102 3956 tua
1126 3890 1252 3957 molliat
1276 3915 1377 3969 aures,

474 4005 631 4073 ›tdurilio
655 4003 785 4093 trepidis
810 4025 892 4094 quae
916 4003 998 4069 solet
1021 4025 1087 4069 esse
1111 4005 1203 4071 reis.'’

1087 4196 1148 4203 0...-

386 4313 405 4379 ¹)
427 4311 471 4362 ud.
488 4313 537 4363 lv.
555 4326 573 4360 1.
594 4313 703 4360 ta-rc.
756 4306 776 4374 ²)
794 4311 912 4371 Messon,
941 4307 1000 4358 Vita
1022 4308 1088 4360 Ouid.
1108 4314 1172 4371 216,
1201 4306 1261 4358 Vua
1284 4308 1347 4360 Hor.
1366 4312 1419 4359 82⁸.

349 4388 431 4465 tt'Ex
448 4397 687 4450 Portunum.
740 4394 760 4463 ⁴)
779 4393 822 4445 Ea
838 4395 919 4446 Po'nto
935 4397 988 4447 111.
1006 4401 1030 4446 3.
1052 4400 1126 4446 mr.-
1168 4392 1188 4462 ⁶)
1205 4392 1248 4444 Er
1265 4393 1344 4445 Ponto
1360 4396 1380 4444 1.
1398 4399 1418 4441 2.

354 4486 411 4544 Ill,
432 4488 489 4536 118.
