3210 5300
358 448 418 515 364
616 469 643 518 o.
664 461 768 511 rarius
789 468 816 518 o.
837 467 864 512 r.
885 470 914 519 o.
934 466 962 509 n.
984 465 1078 510 nanno
1099 446 1175 531 (41).

406 641 487 710 Tum
516 643 578 710 hnc
608 643 718 715 eadem
745 642 946 735 expeditione
970 643 1152 711 Labeonem
1174 641 1323 734 Phiiippo
1345 644 1425 711 fines

359 757 559 824 constituisse
589 769 739 849 apparet,
769 779 850 847 quos
875 755 988 823 direxit
1018 769 1158 823 veterem
1178 757 1260 823 riam
1284 757 1423 847 regiam,

359 890 441 957 quae
468 867 508 934 ad
539 867 693 934 Thraciae
724 868 904 935 Paroreiam
936 867 1042 947 subit,
1074 890 1231 958 nusquam
1263 867 1304 932 ad
1335 891 1423 934 mare

357 978 538 1059 declinans;
571 979 626 1046 sed
655 981 719 1049 hoc
748 1004 813 1047 nou
842 980 965 1071 placuit
994 978 1166 1070 Philippo,
1191 981 1248 1071 qui
1267 1003 1340 1046 mor
1359 1003 1421 1046 no-

357 1116 429 1160 ram
454 1093 600 1175 deflexit,
630 1118 692 1186 qua
716 1095 947 1161 Maronitarum
973 1093 1069 1159 urbes
1096 1115 1251 1184 agrosque
1280 1093 1426 1184 amplec-

357 1217 492 1287 teretur,
513 1219 549 1273 ut
564 1207 663 1298 legati
680 1206 775 1273 huius
791 1207 878 1274 urbis
896 1206 1100 1273 retulerunt¹
1122 1207 1155 1270 in
1170 1218 1299 1286 senatu,
1318 1228 1421 1296 quum

355 1316 395 1382 de
410 1316 529 1383 finibus
546 1315 687 1410 Philippi
702 1331 735 1384 et
752 1318 903 1384 Eumenis
927 1318 1053 1407 imperii
1070 1316 1323 1407 disceptabatur,
1340 1338 1423 1409 quae

357 1431 500 1521 quaestio
521 1453 586 1496 nou
607 1432 645 1497 ad
667 1432 755 1498 hunc
774 1432 881 1497 locum
901 1431 1049 1520 pertinet.

399 1542 526 1610 Interea
555 1543 614 1612 Cu.
645 1545 782 1611 Ma’nlius
820 1543 933 1609 consul
963 1546 1073 1608 eontra
1095 1541 1323 1632 Gallograecos
1351 1567 1419 1610 rem

355 1656 466 1747 gessit,
490 1669 523 1723 et
545 1656 662 1723 iurarit
679 1657 712 1721 iu
733 1654 845 1723 foedus
863 1677 937 1722 cum
959 1654 1137 1735 Antioch03
1162 1655 1331 1721 tenebatur
1347 1679 1423 1748 ergo

353 1770 410 1835 iile
434 1769 560 1836 tradere
586 1793 679 1836 nares
705 1770 814 1860 longas
842 1793 916 1835 cum
942 1769 1146 1834 armamentis
1163 1781 1290 1860 praeter
1311 1770 1424 1837 decern

354 1884 526 1963 actuarias,
550 1906 685 1974 quarum
703 1883 793 1950 nulla
809 1882 881 1973 pius
899 1904 996 1973 quam
1013 1882 1143 1974 triginta
1159 1905 1261 1949 remes
1277 1882 1420 1950 heberet.

356 1994 438 2061 Turn
458 1995 599 2061 Manlius
615 1996 716 2061 Fabio
731 1995 900 2086 imperarit
917 1995 1029 2062 Patara
1045 1996 1078 2060 in
1095 1994 1227 2084 Lyciam
1243 1997 1420 2086 proficisci,

355 2108 465 2200 ibique
494 2131 587 2175 nares
605 2107 706 2199 regias
726 2107 895 2174 concidere
915 2118 947 2173 et
968 2129 1124 2188 cremare,
1149 2107 1237 2199 quod
1256 2109 1337 2174 sicut
1358 2109 1431 2189 im·¹

354 2233 499 2313 peratum
526 2233 609 2301 erat,
638 2221 773 2312 perfecit
792 2219 1023 2311 quinquaginta
1044 2220 1177 2306 naribus
1197 2221 1371 2288 combustis
1395 2235 1421 2290 ².

354 2333 499 2402 Valerius
519 2331 674 2399 Maximus
690 2340 702 2380 ³
724 2343 833 2398 contra
850 2354 915 2398 rem
931 2331 1024 2397 aliter
1042 2331 1188 2411 tradidit,
1205 2333 1294 2398 cuius
1312 2332 1420 2400 locum

355 2446 380 2512 si
409 2446 449 2512 ed
480 2446 614 2513 verbum
642 2446 816 2538 acceperis,
847 2443 1044 2510 Antiochum
1073 2468 1090 2510 a
1116 2444 1216 2511 Fabio
1235 2459 1420 2537 superatum

355 2559 457 2639 dicas,
487 2558 575 2650 quod
595 2583 662 2625 nou
680 2560 725 2626 ita
745 2557 897 2629 accidisse
916 2557 1031 2648 procul
1050 2557 1149 2623 dubio
1169 2571 1308 2639 constat3
1331 2562 1422 2649 cogi-

298 2733 300 2736 ,
355 2673 419 2740 tari
445 2672 576 2762 quidem
600 2671 641 2738 de
668 2671 812 2738 tollenda
840 2671 1046 2749 difficultate,
1070 2670 1206 2761 legendo
1230 2695 1291 2737 una
1313 2673 1421 2740 addita

355 2784 511 2850 litterula:
528 2784 737 2851 »Labeonem
753 2786 875 2865 ferunt,
891 2807 989 2875 quum
1006 2808 1024 2850 a
1040 2807 1112 2875 rege
1131 2785 1306 2865 Antiocho,
1322 2810 1419 2877 quem

354 2896 443 2962 bello
473 2910 713 2987 superaverant,
744 2921 780 2962 ex
804 2897 934 2964 foedere
953 2898 1019 2963 icto
1038 2897 1201 2964 dimidiam
1220 2911 1343 2991 partem
1364 2924 1422 2966 na·

355 3009 443 3081 rium
470 3009 614 3101 accipere
642 3009 793 3091 deberet,
826 3010 946 3076 medias
975 3033 1083 3077 omnes
1108 3011 1263 3093 secuisse,
1288 3025 1324 3078 ut
1344 3035 1426 3079 eum*

353 3133 421 3188 tota
449 3116 549 3189 classe
578 3123 751 3213 priraret'';
781 3146 892 3190 rerum
916 3124 991 3190 nolo
1012 3147 1075 3189 una
1093 3124 1219 3190 macula
1239 3126 1419 3217 abstergere

354 3236 480 3314 locum,
513 3237 570 3327 qui
595 3235 745 3303 historiae
772 3237 959 3328 ceteroquin
984 3259 1048 3302 uon
1069 3237 1229 3305 convenit.
1277 3238 1424 3304 Liviuss

354 3349 442 3416 euim
468 3349 536 3440 ipsa
561 3349 699 3416 foederis
721 3351 815 3418 rerba
835 3351 986 3430 servarit,
1010 3350 1049 3415 de
1070 3351 1188 3442 quibus
1207 3350 1335 3418 abunde
1354 3351 1422 3418 dis·

353 3474 463 3554 putat,
495 3486 578 3554 quac
603 3488 639 3531 ex
665 3463 800 3554 Polybio
828 3477 841 3514 ⁵
868 3463 1008 3529 hausisse
1032 3462 1174 3542 ridetur,
1204 3464 1360 3554 siquidem
1385 3467 1420 3531 in

354 3575 499 3667 reliquiis
526 3577 614 3643 illius
642 3577 802 3668 scriptoris
829 3589 970 3669 superest
999 3577 1102 3667 ipsum
1127 3577 1266 3643 consulis
1286 3577 1423 3644 mauda-

329 3741 331 3744 Α
354 3701 441 3770 tum,
456 3701 492 3755 ut
509 3690 623 3757 Patara
640 3703 763 3782 peteret
780 3691 896 3756 Fabius
914 3712 1073 3781 naresque
1091 3689 1243 3756 Antiochi
1259 3703 1421 3783 susceptas

355 3815 526 3884 cremaret3
560 3805 616 3895 qui
647 3804 684 3889 Q.
714 3804 830 3870 Fabius
859 3827 899 3870 an
929 3803 1015 3869 idem
1044 3826 1082 3868 ac
1112 3802 1149 3887 Q.
1178 3804 1295 3870 Fabius
1315 3805 1422 3872 Buteo

294 3913 295 3916 '
355 3928 456 3997 esset,
485 3930 617 4009 propter
639 3918 786 3984 Lirianos
807 3917 893 3983 locos
915 3940 979 3985 non
1000 3929 1086 3996 erat,
1110 3938 1168 3982 cur
1188 3915 1421 4009 Schweighttu-

358 4051 444 4096 serus
469 4030 623 4097 lectorem
649 4043 783 4121 rogaret.
828 4030 867 4096 In
893 4029 1023 4096 foedere
1043 4029 1101 4095 illo
1124 4053 1164 4095 ue
1186 4030 1317 4096 verbum
1339 4031 1423 4120 legi-

354 4162 425 4208 mus
439 4141 480 4209 dc
497 4142 631 4211 dimidia
647 4157 737 4235 parte
754 4145 898 4224 narium,
915 4166 1011 4235 quam
1022 4141 1120 4208 babet
1132 4142 1291 4225 Valerius,
1308 4157 1423 4211 contra

383 4414 403 4482 1)
412 4416 658 4469 nraxxxrxar.
693 4415 998 4483 ’tuicxxxvutaa
1033 4419 1055 4489 ὅ>
1069 4422 1196 4475 vuar.
1229 4420 1427 4490 thxxvm.

347 4505 389 4552 as.
443 4499 463 4572 ὅ)
480 4502 572 4555 XXII.
592 4507 624 4554 eo
644 4506 659 4568 s
676 4509 721 4570 ao,
1262 4532 1264 4537 v
