3210 5300
556 446 576 529 ς
599 449 776 512 lituorum
799 451 832 513 V.
854 450 923 513 459.
1215 438 1276 515 279

200 641 384 709 Senonibus
410 639 562 707 scribenti
588 640 672 707 nulli
702 664 767 707 non
796 641 927 709 historia
946 641 1066 708 Brenni
1084 653 1117 708 et
1136 640 1268 709 Clusina

198 755 359 849 expeditio
376 757 408 823 in
425 768 566 823 mentem
585 756 742 823 veniebat.
774 755 906 823 Liviana
921 757 1059 821 namatio
1074 768 1197 848 pugnat
1208 781 1269 849 pro

201 869 328 951 Clusio,
351 892 433 960 quae
457 869 632 960 spernenda
653 881 715 949 est,
744 869 821 936 siin
845 870 978 937 Umbria
1003 884 1181 962 pugnatum
1202 892 1269 937 esse

199 996 332 1050 constat.
372 982 536 1051 Haalrbius
556 984 649 1075 ponit
667 983 801 1050 Fabium
820 982 985 1073 reliquisse
999 983 1160 1075 legionem
1176 985 1270 1051 istam

199 1097 233 1162 in
252 1097 395 1176 Etruria,
418 1119 501 1187 quae
524 1096 662 1162 reditum
683 1097 751 1162 eius
769 1108 930 1177 tueretur3
946 1109 1015 1162 tum
1033 1096 1135 1162 credit
1153 1118 1269 1187 agmen

203 1207 369 1275 Gallorum
382 1205 546 1273 Senonum
557 1229 615 1297 per
630 1207 746 1273 saltum
759 1207 939 1275 Ariminum
950 1209 1082 1275 intrasse
1094 1210 1269 1288 Etruriam,

200 1320 277 1387 dum
305 1321 442 1386 alterurn
470 1342 584 1410 agmen
603 1333 684 1387 esset
708 1320 741 1386 in
760 1343 836 1410 agro
855 1319 1005 1402 Sentice,
1029 1320 1085 1387 aed
1104 1344 1169 1387 non
1189 1345 1269 1414 opus

200 1443 302 1500 estut
321 1432 439 1524 duplex
457 1457 571 1524 agmen
586 1433 669 1500 illud
689 1434 781 1500 nobis
800 1456 969 1500 sumamus.
1002 1431 1136 1500 Constat
1155 1457 1272 1527 nempe

202 1569 342 1638 pugnam
362 1546 450 1613 iham
480 1570 545 1613 non
565 1547 732 1626 accidisse,
756 1570 856 1637 quum
877 1546 994 1613 Fabius
1022 1546 1127 1613 adhuc
1151 1548 1274 1614 Romae

199 1660 343 1750 degeret,
365 1682 475 1727 rerum
498 1659 583 1726 haud
604 1662 648 1726 ita
666 1661 722 1726 diu
742 1674 817 1727 ante
838 1661 1014 1727 secundum
1033 1662 1209 1753 proelium,
1234 1674 1270 1727 nt

200 1773 353 1861 Polybius
374 1773 488 1840 diserte
508 1784 655 1853 testatur3
681 1774 707 1839 si
728 1774 813 1840 enim
833 1774 889 1839 diu
910 1786 984 1840 ante
1005 1774 1183 1853 accidisset,
1207 1757 1271 1840 alio

199 1885 297 1952 modo
327 1885 475 1953 adversus
495 1885 620 1954 hostem
642 1887 735 1953 illum
760 1887 957 1978 superiorem
983 1888 1138 1953 exercitus
1161 1886 1271 1954 educti

197 2011 318 2078 essent,
334 2014 402 2066 'nec
432 2001 466 2065 in
488 1999 639 2066 hostilem
668 2012 783 2067 terram
805 2001 1040 2090 processissent.
1089 1998 1171 2066 Cum
1190 2000 1270 2066 Nie-

200 2113 317 2178 buhrio
346 2125 452 2179 autem
483 2113 578 2180 facile
606 2112 795 2180 crediderim
823 2114 856 2178 in
884 2111 1018 2179 Umbria
1039 2114 1160 2178 stetisse
1180 2113 1271 2178 illam

198 2225 374 2316 legionem,
411 2249 493 2316 quae
519 2224 704 2317 prohiberet
734 2249 773 2292 ne
807 2225 892 2291 Galli
918 2248 951 2291 se
970 2247 1044 2291 cum
1074 2224 1272 2291 Samnitibus

197 2338 382 2429 iungerent3
401 2339 462 2405 hac
478 2339 563 2406 enirn
584 2340 706 2405 ratione
732 2339 868 2405 Romani
895 2340 1001 2404 conati
1023 2352 1111 2416 sunt,
1133 2351 1170 2403 ut
1189 2360 1271 2429 qua-

196 2451 376 2542 druplicem
396 2451 522 2518 hostem
548 2453 765 2542 seiungerent,
783 2451 1056 2541 quemadmodum
1075 2451 1130 2517 alii
1150 2452 1272 2516 exerci-

197 2577 249 2630 tus
269 2565 431 2630 Etruriam
452 2566 649 2632 lacesserent.
689 2567 838 2631 Attamen
857 2587 922 2630 non
944 2564 1123 2654 arripienda
1143 2564 1269 2631 videtur

198 2677 330 2742 Liviana
359 2678 443 2743 fama
473 2677 723 2768 haudquaquam
755 2678 949 2757 verisimilis,
981 2679 1127 2744 consules
1154 2698 1269 2769 nempe

120 2799 126 2809 '
198 2790 366 2880 imperasse
389 2789 563 2855 Volumnio
585 2803 620 2856 ut
640 2812 677 2855 er
698 2787 829 2854 Samnio
852 2789 1035 2868 accederet,
1059 2789 1152 2854 nimis
1173 2789 1268 2879 longe

198 2901 306 2967 aberat
331 2901 403 2981 ille,
433 2901 473 2966 ad
502 2902 667 2968 Tilemum
691 2901 814 2991 opinor,
831 2901 1007 2968 lacessebat
1026 2902 1156 2992 quidem
1175 2901 1270 2968 Sam·

197 3015 278 3080 nites
298 3015 332 3079 in
352 3038 409 3081 suc
428 3039 519 3104 agro,
539 3016 594 3081 sed
613 3038 679 3080 uon
699 3025 824 3103 poterat
844 3037 918 3081 cum
936 3015 1115 3105 legionibus
1134 3017 1167 3080 in
1187 3015 1269 3082 Um·

198 3129 298 3194 briam
326 3130 503 3218 pervenire.
549 3127 623 3194 Non
649 3127 746 3194 eredo
775 3127 866 3193 Eahii
895 3127 1028 3193 alteram
1057 3128 1215 3218 legionem
1236 3141 1268 3194 et

194 3265 274 3333 quas
293 3242 334 3306 ab
355 3243 457 3332 Appio
475 3253 669 3332 susceperat,
686 3241 809 3307 stetisse
828 3241 861 3306 in
886 3241 999 3307 ricinia
1021 3240 1060 3305 ad
1080 3240 1267 3320 Nuceriam,

197 3376 342 3420 namcur
357 3378 422 3420 non
440 3355 673 3435 subvenissent,
697 3366 752 3419 aut
771 3376 829 3419 cur
846 3377 912 3418 non
932 3376 985 3418 eos
1005 3354 1141 3444 aggressi
1160 3368 1265 3419 essent

196 3468 283 3533 Galli
307 3469 457 3547 victores,
490 3491 556 3558 quo
573 3467 672 3532 modo
701 3466 736 3531 bi
763 3466 804 3532 ad
833 3464 1004 3531 Sentinum
1031 3467 1265 3556 perrexissent?

241 3582 341 3647 Paulo
372 3582 465 3648 aliter
492 3605 541 3648 res
571 3604 638 3648 sese
669 3580 817 3646 habuisse
847 3578 991 3659 uidetur,
1015 3578 1092 3644 dum
1120 3579 1266 3675 consules

197 3695 383 3785 frequenter
409 3708 510 3761 castra
532 3706 694 3761 mutantes
715 3695 747 3758 in
769 3692 936 3759 Gallorum
965 3715 1076 3782 agrum
1105 3693 1265 3758 venissent

196 3808 320 3873 bostem
341 3810 512 3898 agressuri,
542 3830 637 3873 unam
657 3806 817 3895 legionem
839 3805 993 3870 orientem
1013 3827 1120 3870 versus
1138 3804 1177 3869 ad
1200 3805 1263 3870 sal-

195 3933 264 3986 tum
284 3921 378 3985 illum
398 3921 599 3998 locaverant,
623 3943 718 4010 quem
745 3919 902 3989 Samnites
940 3931 976 3983 ut
1004 3942 1038 3984 se
1059 3941 1132 3983 cum
1164 3918 1265 3984 Gallis

195 4035 380 4124 iungerent,
404 4035 537 4100 transire
558 4033 728 4100 debebant.
777 4031 837 4096 llic
862 4030 948 4097 Galli
970 4030 1111 4096 Senones
1131 4031 1265 4121 necopi-

196 4160 271 4213 nato
292 4147 427 4237 aggressi
450 4160 523 4212 sunt
544 4146 748 4238 Scipionem,
773 4146 822 4210 rir
843 4145 1015 4211 terminum
1038 4167 1146 4222 suum,
1167 4144 1263 4209 Aesin

196 4262 329 4327 flurium
348 4283 483 4350 nempe,
508 4261 707 4350 transgressi3
729 4259 800 4324 loca
819 4259 877 4324 ista
890 4281 954 4324 non
976 4257 1056 4324 adeo
1067 4257 1202 4336 distant,
1224 4269 1260 4322 ut

194 4373 253 4440 ista
272 4373 416 4465 opinioni
433 4385 558 4439 nostrae
579 4374 703 4439 obstare
721 4371 906 4450 rideantur,
930 4395 989 4438 nec
1006 4395 1085 4463 opus
1102 4383 1149 4436 est
1165 4369 1266 4460 igitur

195 4500 229 4553 ut
257 4487 297 4554 ad
326 4488 462 4555 alterum
493 4486 660 4553 Gallorum
689 4510 804 4577 agmen
835 4509 1052 4564 recurramus,
1085 4484 1172 4575 quod
1204 4506 1261 4574 per
