3190 5304
348 462 369 544 ς
389 466 417 524 5.
439 480 494 525 rao
511 481 662 528 rasarone
682 465 752 529 631.
772 465 793 548 5
811 467 841 528 6.
861 483 970 529 consuo
991 467 1060 531 633.
1181 467 1240 530 405

167 660 233 737 tio,
264 679 347 748 quaa
381 659 617 726 Teutomalium
646 659 737 727 reddi
758 661 847 729 iussit
871 660 1121 754 deductumque
1141 686 1231 753 agros

164 782 324 851 tueretur;
352 773 467 838 frustra
490 784 612 853 tamen,
640 772 725 864 quod
742 786 808 839 erat
825 773 1085 864 exspectandum,
1107 775 1232 847 bellum

165 884 324 951 indictum
356 896 417 965 est,
441 898 473 952 et
500 887 611 952 consul
632 886 689 954 On.
711 888 868 954 Domitius
893 887 1124 953 Ahenobarbus
1145 912 1228 955 anuo

164 1001 230 1064 632
260 998 372 1064 missus
399 1010 447 1065 est
475 999 622 1066 adsersus
648 999 838 1091 Allobroges
858 1013 955 1092 atque
974 1001 1147 1080 drrernos,
1171 1003 1227 1092 qui

163 1111 228 1176 illis
250 1112 328 1176 socii
346 1111 442 1178 fuisse
462 1112 622 1192 ridentur,
651 1126 683 1179 et
704 1113 763 1180 sub
782 1137 856 1205 rege
873 1115 996 1181 Bituito
1020 1114 1153 1205 (Bituito
1172 1125 1228 1189 aut

162 1224 307 1314 Betulto)
328 1224 442 1294 Loreri
460 1226 546 1306 filio,
569 1238 656 1292 trans
676 1225 869 1293 Rhodanum
890 1227 1047 1293 habitasse
1066 1226 1226 1293 ridentur.

163 1336 322 1403 Domitius
341 1337 379 1403 ad
401 1337 601 1419 Vindalium,
625 1340 681 1405 ubi
702 1339 814 1430 Sulgas
835 1341 867 1406 in
888 1340 1083 1407 Rhodanum
1103 1341 1225 1419 influit,

162 1450 251 1516 leliei
279 1473 424 1518 successu
455 1464 564 1519 contra
597 1452 785 1544 Allobroges
816 1453 983 1544 pugnavit,
1016 1453 1072 1543 qui
1104 1452 1226 1520 etiamsi

162 1567 285 1643 20,000
304 1566 337 1630 in
355 1566 423 1631 aeia
443 1565 574 1632 aderant
603 1566 780 1633 seeundum
807 1565 1015 1646 Strabonem,
1031 1577 1086 1631 aut
1106 1568 1226 1645 23,000

161 1677 338 1745 seeundum
374 1677 540 1758 0rosium,
572 1680 674 1745 territi
707 1679 863 1771 imprimis
894 1676 1138 1769 elephantorum
1169 1677 1228 1744 ad-

161 1803 289 1882 spectu,
311 1792 495 1882 gravissimo
515 1792 604 1858 hello
623 1793 699 1859 ricti
722 1803 806 1858 sunt.

207 1904 363 1996 Sequenti
390 1929 474 1971 anno
495 1905 613 1972 Fabius
641 1919 748 1972 noster
768 1904 916 1970 adversus
940 1903 1097 1969 Arvernos
1117 1916 1149 1970 et
1170 1904 1229 1970 dl·

160 2019 306 2109 lobroges
341 2041 406 2084 rem
442 2019 537 2108 gessit
573 2019 757 2084 felicissimo
792 2039 954 2095 successu,
988 2017 1112 2081 etiamsi
1142 2016 1226 2082 febri

161 2144 315 2222 quartana
337 2131 485 2197 laborans
506 2155 543 2197 er
563 2130 684 2197 recenti
706 2130 836 2196 vulnere
861 2141 893 2210 ¹,
917 2129 1094 2194 antediem
1117 2128 1161 2192 vt
1181 2128 1224 2193 id.

160 2267 230 2335 aug.
260 2246 293 2309 in
321 2244 444 2336 proelio
473 2243 512 2309 ad
541 2244 649 2309 locum
668 2243 726 2310 ubi
741 2243 824 2309 Isara
841 2243 874 2308 in
892 2241 1084 2308 Rhodanum
1104 2241 1225 2309 influit.

159 2359 243 2428 hlale
261 2380 297 2424 er
313 2357 372 2423 hac
391 2357 457 2424 diei
479 2358 641 2423 notatione
661 2356 791 2446 collegit
805 2355 938 2444 Thierry
956 2367 986 2434 2,
1004 2377 1109 2420 versus
1127 2355 1225 2423 finem

160 2471 306 2537 autumni
324 2450 441 2537 riorum
461 2471 626 2536 consulem
646 2470 782 2536 Fabium
803 2468 983 2546 advenisse,
1006 2489 1072 2531 non
1093 2467 1137 2532 ita
1159 2478 1222 2546 cst,

156 2585 232 2650 inde
252 2585 293 2650 ab
311 2608 395 2649 anno
417 2587 480 2650 601
513 2583 659 2650 consules
682 2584 898 2672 magistratum
928 2580 1054 2645 inibant
1079 2579 1222 2645 kalendis

157 2699 322 2778 ianuariis;
345 2720 406 2763 nec
424 2708 471 2763 cst
493 2719 550 2762 eur
568 2707 701 2787 propter
716 2696 805 2761 illam
821 2717 946 2785 pugnae
963 2692 1047 2758 diem
1066 2715 1228 2781 ponamus,

157 2825 226 2877 tum
249 2811 379 2877 demum
400 2811 563 2876 consulem
583 2809 716 2876 Galliam
736 2810 876 2874 intrasse.
912 2806 975 2873 Sed
993 2807 1037 2871 sic
1054 2806 1110 2871 ille
1127 2806 1223 2883 solet,

156 2925 214 3014 qui
242 2925 333 3015 plura
365 2923 420 2990 dat
447 2948 545 3016 quam
573 2916 716 2991 historici
745 2923 837 2989 nobis
862 2923 1078 3012 reliquerunt,
1104 2921 1144 2987 de
1165 2946 1222 2991 suo

156 3036 242 3103 haud
262 3058 363 3128 pauca
384 3038 542 3127 supplens.

202 3150 308 3234 Quum
336 3150 475 3216 Bituitus
494 3151 660 3216 consulem
682 3150 808 3216 vidisset
831 3172 904 3215 enm
927 3150 1027 3239 copiis
1048 3149 1224 3238 appropin-

152 3276 323 3354 quantem,
345 3286 399 3328 eos
417 3263 467 3328 rix
493 3261 533 3328 ad
557 3286 661 3329 escam
681 3264 813 3328 canibus
834 3263 897 3327 suis
916 3262 1060 3326 sufficere
1079 3261 1181 3326 fertur
1204 3274 1216 3311 ³

152 3377 285 3466 dixisse,
318 3399 378 3442 nec
404 3376 521 3442 mirum
550 3400 625 3442 nam
657 3379 798 3455 180‚000
825 3376 962 3440 militum
992 3385 1046 3439 aut
1073 3377 1217 3452 200,000

151 3490 329 3558 meandum
345 3488 533 3557 Strabonem
556 3513 664 3557 secum
687 3489 810 3555 duxisse
834 3487 985 3566 traditur,
1009 3509 1080 3551 eum
1104 3510 1218 3575 magna

149 3627 266 3670 canum
296 3603 405 3694 eopia,
437 3605 555 3695 quibus
583 3605 670 3669 feror
698 3603 756 3668 illa
789 3600 954 3668 Gallorum
980 3622 1056 3689 gens
1076 3599 1108 3662 in
1129 3597 1216 3663 bello

151 3716 312 3783 utebatur.
371 3717 462 3784 Unus
491 3742 571 3808 pons
606 3717 646 3782 ad
677 3714 869 3781 Rhodanum
898 3711 1120 3778 traiiciandum
1151 3735 1215 3776 non

150 3829 329 3897 sufficiebat
339 3881 349 3910 ,
367 3830 503 3897 alterum
515 3831 611 3920 igitur
629 3852 665 3893 er
682 3828 815 3894 naribus
834 3826 939 3892 hostes
954 3827 1116 3903 fecerunt,
1133 3848 1215 3914 quo-

147 3965 221 4009 rum
251 3967 310 4033 ope
340 3965 441 4033 quum
471 3943 504 4008 in
531 3942 659 4008 adversa
682 3940 749 4032 ripa
770 3951 908 4019 starent,
934 3938 1070 4003 Romani
1090 3936 1213 4003 hostem

147 4056 287 4145 aggressi
314 4069 405 4134 sunt,
429 4055 485 4121 ubi
509 4054 594 4122 haud
615 4055 687 4121 satis
708 4054 799 4145 spatii
820 4065 886 4118 erat
907 4053 944 4118 ad
967 4052 1066 4138 aciem
1089 4062 1215 4116 struen-

145 4168 231 4237 dam.
279 4169 610 4259 Pugnaatrocissima
636 4167 864 4245 committitur,
898 4167 929 4231 in
960 4188 1023 4255 qua
1052 4188 1117 4229 non
1147 4164 1214 4230 siue

177 4443 196 4511 ¹)
214 4445 283 4495 Plin.
307 4442 343 4494 H.
360 4442 397 4493 Ν.
415 4445 478 4497 VII.
502 4449 547 4504 5⁰5
566 4444 632 4509 App.
655 4441 711 4494 Gal.
734 4449 757 4492 2.
828 4436 847 4505 ²)
862 4437 935 4495 Hist.
954 4438 995 4488 des
1016 4435 1087 4490 Gaul.
1105 4441 1140 4492 11.
1165 4443 1220 4490 171.

133 4532 159 4602 ³)
181 4529 254 4582 Oros·
272 4531 306 4581 V.
328 4534 367 4579 14.
450 4540 455 4551 ¹
