3154 5294
334 428 392 490 166
575 448 602 497 o.
624 441 726 487 rarius
746 442 865 497 moron,
887 439 1053 487 ursromcos
1073 424 1148 507 (36).

339 623 436 689 fuisse
467 618 615 698 tradidit,
648 619 735 710 quod
766 619 956 685 vocabulum
981 617 1138 685 adtonso
1163 621 1275 686 anuuit
1299 619 1398 688 Grae-

344 759 419 801 cum
440 757 634 812 sermonem,
656 746 692 798 ut
710 732 919 817 Lachmannt
939 732 1112 797 rectissime
1129 721 1323 815 observavit,
1343 758 1408 803 uon

342 849 427 915 euim
462 848 607 915 Romano
649 869 727 937 opus
763 858 830 913 erat
871 845 933 911 hoc
972 845 1148 925 vocabul03
1184 845 1246 915 hoc
1285 847 1407 914 Pisonis

343 961 489 1050 exemplo
511 960 671 1038 crineum,
696 959 753 1049 qui
772 958 895 1048 scripsit
917 970 996 1047 quot
1013 960 1123 1048 pondo
1142 961 1264 1048 argenti
1279 959 1408 1029 fuerint.

345 1075 444 1138 Porro
474 1095 548 1138 usus
580 1071 699 1141 Graece
727 1071 888 1139 scribendi
905 1070 1068 1137 historiam
1088 1072 1212 1137 etiarnsi
1230 1073 1407 1141 Romanam

345 1185 497 1275 frequens
536 1184 612 1263 fuit,
643 1195 770 1274 praeter
797 1182 932 1250 Fabium
968 1204 1083 1273 nempe
1121 1182 1155 1249 L.
1185 1180 1313 1250 Cincius
1340 1185 1410 1251 lti·
1504 1224 1508 1235 .

348 1309 479 1364 mentua
497 1297 560 1363 hoc
579 1297 672 1374 fecit,
696 1297 729 1362 P.
749 1296 916 1362 Cornelius
934 1293 1059 1385 Scipio,
1075 1294 1111 1361 G.
1127 1296 1247 1363 Acilius
1265 1297 1413 1378 Glabrio,

349 1415 387 1479 A.
408 1413 587 1477 Postumius
615 1411 766 1491 Albinus,
796 1411 830 1477 P.
856 1409 996 1475 Rutilius
1022 1408 1140 1489 Rufus,
1172 1423 1204 1476 et
1235 1409 1315 1490 Cato
1343 1413 1411 1502 pri·

345 1548 417 1591 mus
437 1527 539 1616 patria
559 1525 666 1615 lingua
689 1548 761 1590 usus
782 1523 887 1590 estad
909 1524 1029 1589 Romae
1051 1523 1186 1614 origines
1205 1525 1412 1593 conscriben-

350 1638 424 1717 das,
447 1650 552 1703 motus
573 1639 686 1729 opinor
706 1637 779 1703 odio
796 1636 908 1718 Graeci
926 1634 1091 1715 sermonis,
1116 1659 1211 1727 quem
1231 1661 1323 1705 sener
1339 1650 1412 1702 tan-

351 1763 420 1817 tum
439 1751 569 1830 didicit3
591 1763 622 1815 at
641 1751 704 1816 hoo
720 1773 777 1816 cnr
797 1773 917 1840 quaeso
929 1749 1122 1819 Graecorum
1144 1773 1254 1821 erosor
1272 1751 1414 1830 iecisset,

349 1865 384 1929 ni
405 1877 440 1929 ut
461 1865 565 1930 fontes
584 1887 658 1929 suos
677 1864 778 1930 adiret
794 1864 853 1930 illo
870 1886 1015 1929 sermone
1033 1865 1239 1953 conscriptos.
1285 1864 1412 1931 Novum

348 1978 464 2043 deinde
494 2003 551 2068 pro
574 1978 686 2044 Graeci
704 1978 854 2043 sermonis
879 1999 938 2042 uso
958 1988 1196 2065 argumentum,
1216 1977 1302 2067 quod
1323 1979 1412 2044 inre-

350 2092 435 2157 trisse
465 2092 525 2156 sihi
554 2091 721 2157 ridebatur
748 2089 936 2156 Lachmann
961 2092 1069 2179 plures
1090 2090 1234 2181 decepit,
1257 2092 1319 2157 iam
1338 2115 1413 2159 nos-

346 2216 432 2270 trum
463 2216 509 2271 est
539 2228 650 2270 curare
678 2227 719 2268 ue
751 2226 810 2268 nos
840 2225 969 2292 quoque
996 2203 1195 2269 aberremus:
1226 2204 1334 2271 attulit
1358 2204 1414 2270 ille

350 2318 453 2384 Solini
474 2319 595 2396 locum,
619 2340 684 2408 quo
707 2316 906 2406 Olympiade
925 2315 1001 2381 VIII
1021 2317 1141 2385 Urbem
1160 2317 1322 2383 conditam
1346 2339 1413 2385 esse

349 2432 446 2497 tradit
479 2432 603 2510 Pictor,
637 2453 719 2520 quae
758 2429 910 2518 temporis
946 2428 1090 2494 definitio
1120 2429 1232 2495 annuit
1262 2429 1415 2503 Graecum

352 2545 513 2634 linguam3
547 2556 579 2609 at
608 2544 634 2608 si
663 2542 714 2617 rel
742 2541 804 2606 hoc
834 2541 1026 2607 vocabulum
1053 2565 1119 2607 rem
1144 2543 1285 2622 dirimat,
1308 2541 1416 2633 Nepos

354 2670 387 2723 st
421 2657 568 2722 Lutatius
605 2657 721 2746 quihus
759 2653 819 2719 Vll
848 2653 1047 2745 Olympiadis
1077 2679 1178 2722 annus
1208 2661 1227 2721 2
1254 2656 1416 2747 placebat,

355 2768 475 2834 Graece
500 2769 657 2858 scripsisse
684 2777 877 2845 statuantur,
905 2767 970 2832 imo
1002 2767 1035 2832 T.
1066 2767 1260 2856 Pomponius
1288 2768 1415 2837 Atticus

353 2893 386 2946 ct
410 2881 595 2946 Latinarum
616 2881 793 2946 litterarum
815 2882 977 2971 princeps,
1002 2881 1045 2946 M.
1069 2881 1190 2947 Tullius
1212 2881 1342 2963 Cicero,
1366 2883 1414 2948 his

349 2994 436 3059 enim
465 2991 663 3083 Olympiadis
695 2992 809 3058 itidem
841 2990 887 3057 VI
915 3015 1015 3058 annus
1046 2998 1065 3058 3
1096 2994 1226 3084 placuit.
1276 2995 1340 3061 Gur
1359 3019 1416 3087 per

351 3106 508 3172 Graecum
543 3105 750 3196 computandi
786 3129 909 3171 rnorem
942 3119 1069 3197 tempus
1096 3108 1280 3173 definierint
1310 3109 1417 3174 Pictor

351 3222 512 3312 ceterique
542 3220 696 3298 Romani,
729 3220 761 3284 in
790 3230 921 3309 promtu
948 3230 1011 3297 est,
1041 3220 1149 3285 stabili
1174 3222 1325 3311 temporis
1346 3245 1417 3289 mo·

353 3346 463 3401 mento
483 3357 561 3424 opus
582 3345 648 3399 erat
664 3334 696 3397 in
715 3331 921 3421 chronologia
941 3344 1028 3397 extra
1041 3332 1217 3399 Romanam
1237 3333 1418 3414 historiam,

358 3446 444 3512 unde
473 3447 600 3539 initium
632 3446 838 3536 computandi
865 3445 1025 3524 lacerent,
1054 3446 1130 3512 hinc
1157 3448 1232 3512 illae
1257 3447 1418 3515 lacrimae.

358 3561 455 3626 Extra
473 3582 604 3626 censum
626 3572 775 3625 maneant
796 3558 935 3649 denique
953 3561 1070 3625 staden
1085 3559 1171 3649 apud
1186 3560 1344 3627 Pictorem
1357 3563 1419 3626 sci-

354 3675 446 3753 licet,
471 3697 553 3765 quae
572 3672 757 3738 Lachmann
784 3671 932 3752 ²attulit,
957 3696 1029 3738 nam
1045 3674 1176 3764 probari
1193 3674 1321 3764 nequit,
1339 3698 1417 3742 num

357 3788 528 3876 Dionysius
552 3787 668 3852 habeat
691 3787 750 3851 ista
776 3797 788 3836 ³
812 3808 850 3850 er
873 3786 984 3852 Fabio.

411 3902 472 3966 Pro
512 3923 570 3965 usu
609 3900 715 3966 Latini
752 3900 905 3964 sermonis
940 3901 974 3964 in
1009 3922 1137 3966 censum
1171 3902 1275 3991 primo
1316 3902 1420 3967 vocari

358 4014 440 4080 solet
463 4010 624 4078 Ciceronis
645 4025 658 4062 4
677 4013 766 4077 locus
785 4012 924 4102 »quales
943 4012 1026 4102 apud
1049 4014 1184 4080 Graecos
1204 4013 1417 4103 Pherecydes,

360 4125 638 4204 Hellanicus,.....
655 4125 725 4190 talis
742 4136 847 4190 noster
865 4123 959 4205 Cato,
975 4138 1007 4190 et
1025 4127 1131 4191 Pictor
1144 4138 1176 4192 et
1194 4127 1299 4207 Piso’';
1310 4141 1341 4193 at
1365 4127 1417 4193 hic

360 4248 565 4331 opponuntur
595 4235 707 4301 Graeci
735 4236 902 4316 Romanis,
927 4237 1013 4327 quod
1033 4236 1072 4303 ad
1092 4237 1255 4305 historiam
1277 4239 1417 4306 conscri-

390 4481 408 4548 ι)
426 4483 448 4532 1.
467 4485 508 4531 as.
562 4476 583 4547 2)
601 4481 622 4530 1.
643 4486 683 4531 ss.
737 4478 756 4548 ³)
774 4484 796 4533 1.
816 4487 856 4533 as.
909 4480 929 4549 a)
950 4486 984 4534 oa
1002 4491 1063 4534 ora.
1082 4485 1118 4534 11.
1140 4485 1327 4550 nosnos.
