3154 5294
301 408 379 453 aran
391 390 572 473 annuendi),
586 392 636 465 10,
650 389 710 471 11).
732 392 867 474 §dunos
878 409 969 452 carra
980 391 1048 454 364.
1176 394 1213 457 91

155 586 289 653 accidere
314 609 406 677 posse
432 585 620 664 credebant,
645 586 763 677 quippe
782 586 840 676 qui
859 608 1013 652 summanr
1036 585 1132 652 fidem
1156 587 1213 651 tri·

157 701 285 766 bnerent
304 700 444 788 auguriis
465 712 497 766 et
516 698 673 790 auspiciis.

195 813 341 903 Denique
366 813 437 879 fuso
471 813 582 880 dextro
611 834 729 890 cornu,
762 811 800 877 iis
826 813 883 902 qui
912 812 946 877 in
971 813 1215 878 sinistro-erant

156 948 222 992 mox
250 926 414 1016 utrimque
440 926 551 993 andito
573 926 712 991 clamore
732 947 831 1015 paror
849 926 990 1016 fugaque
1016 927 1138 991 animos
1160 948 1215 990 oc·

156 1039 292 1130 coperit,
326 1040 370 1105 ita
401 1052 498 1105 utne
528 1052 649 1106 tentato
680 1038 801 1106 scilieet
831 1040 1005 1105 certamine
1025 1061 1084 1105 nec
1105 1038 1215 1104 audito

156 1151 288 1217 clamore
318 1153 435 1242 integri
464 1153 641 1243 intactique
670 1151 787 1241 fugisse
819 1151 980 1231 ferantur3
1011 1152 1113 1217 maior
1144 1175 1216 1242 pars

156 1265 292 1330 Tiberim
315 1266 438 1330 traiecit
462 1278 494 1330 et
515 1264 609 1331 Veios
630 1265 787 1356 pervenit,
811 1265 907 1356 pauci
926 1276 1051 1330 tanturn
1070 1265 1216 1331 Romam.

197 1378 323 1443 Accidit
353 1378 531 1468 gravissima
567 1378 646 1443 haec
683 1376 790 1443 clades
826 1377 980 1469 postridie
1020 1377 1092 1442 idus
1121 1377 1218 1468 quin·

156 1488 240 1556 ctiles
270 1488 447 1555 secundum
468 1488 612 1556 Cassium
631 1487 801 1556 lleminrm
821 1487 906 1579 apud
929 1488 1129 1555 Macrobium
1152 1501 1161 1538 ¹
1187 1502 1218 1556 et

155 1601 296 1667 Verrium
329 1603 481 1668 Flaccum
513 1601 598 1692 apud
630 1601 771 1668 Gellium
794 1613 829 1680 ²,
857 1623 918 1667 nec
946 1601 1038 1668 aliter
1067 1602 1175 1668 Liuius
1205 1613 1218 1652 ³

157 1714 229 1780 dixit
258 1715 343 1782 diem
378 1716 570 1793 Alliensem,
600 1716 657 1805 qui
683 1727 716 1780 et
741 1714 940 1783 Cremerensi
970 1715 1062 1782 clade
1091 1716 1219 1805 religio-

157 1850 203 1893 sus
227 1839 314 1906 erat,
335 1840 410 1893 ante
431 1827 516 1893 diem
534 1826 593 1891 XV
612 1826 675 1892 lrul.
690 1826 832 1905 sextiles,
856 1850 929 1892 nam
947 1839 1090 1893 correcto
1107 1827 1220 1893 lalan-

157 1939 241 2006 dario
270 1939 335 2005 duo
364 1941 432 2007 dies
459 1940 559 2006 rnensi
583 1939 663 2005 iulio
684 1952 893 2006 accesserunt.
940 1938 1014 2006 Ilics
1037 1953 1144 2008 autem
1164 1941 1220 2007 ille

155 2054 183 2119 in
209 2066 404 2144 perpetuum
432 2055 596 2119 luctuosus
624 2066 658 2118 et
684 2053 825 2118 nefastus
845 2066 983 2119 sacratus
1007 2066 1074 2118 eret
1094 2054 1221 2132 Fauno,

155 2167 205 2256 qui
227 2166 307 2232 deus
328 2189 427 2256 quum
448 2179 481 2232 et
500 2165 730 2256 Lupercalibus
752 2166 927 2245 coleretur,
950 2188 1141 2232 consensum
1164 2189 1222 2231 ne-

156 2279 216 2343 scio
244 2300 341 2369 quem
369 2279 436 2344 istis
454 2279 606 2345 interesse
627 2278 728 2344 credit
749 2279 875 2358 Pfund3
899 2292 931 2345 at
951 2280 999 2345 nil
1020 2278 1108 2345 aliud
1132 2301 1222 2344 com·

154 2415 247 2458 mune
278 2391 462 2472 habebant,
492 2394 526 2458 ni
555 2392 666 2471 fallor,
700 2415 797 2483 quum
820 2393 906 2483 quod
928 2394 985 2460 Dis
1005 2393 1114 2458 inferis
1135 2414 1222 2456 sacra

156 2503 267 2569 fierent
296 2504 364 2570 istis
392 2503 505 2570 diebus
534 2505 566 2568 in
597 2503 837 2568 demortuorum
867 2502 1023 2569 honorem
1049 2515 1146 2594 atque
1172 2526 1222 2568 sa·

154 2615 261 2682 lutem·

449 2775 466 2858 §
493 2776 523 2838 6.
575 2772 663 2840 Urbs
687 2782 788 2863 capta
813 2775 878 2840 364
904 2778 930 2837 ⁴.

198 2953 341 3021 Gonluse
371 2966 403 3019 et
433 2954 620 3020 festinanter
650 2953 690 3018 ad
720 2953 843 3020 Urbem
872 2955 995 3020 etiamsi
1019 2955 1112 3020 multi
1132 2956 1224 3046 fuge·

157 3068 234 3144 rint,
267 3079 375 3135 tamen
393 3088 479 3133 mera
500 3067 619 3133 fabella
640 3081 686 3133 est
711 3067 873 3133 Romanos
897 3080 1029 3158 propter
1047 3068 1225 3135 festinatio-

157 3203 231 3247 nem
260 3192 370 3271 portas
396 3203 460 3246 non
481 3181 621 3270 potuisse
640 3180 789 3246 claudere
806 3193 862 3247 aut
879 3181 992 3246 saltem
1012 3180 1095 3246 illud
1113 3182 1226 3271 negle-

158 3296 247 3362 xisse.
297 3294 387 3360 uicta
405 3317 473 3360 esse
490 3306 637 3384 apparet,
661 3306 697 3359 ut
720 3294 805 3360 Urbs
826 3306 919 3385 capta
940 3294 1099 3360 rideretur
1119 3295 1226 3385 potius

156 3408 294 3474 incautis
314 3408 466 3474 Romanis
493 3430 591 3497 quam
617 3407 828 3474 inferioribus.
876 3408 985 3474 Portas
1001 3408 1122 3500 optime
1137 3407 1227 3473 clau-

158 3544 204 3587 sas
231 3521 331 3587 fuisse
361 3520 549 3611 vigiliasque
574 3521 733 3612 appositas
758 3523 829 3611 quis
856 3523 1000 3612 negabit,
1024 3523 1081 3612 qui
1100 3545 1227 3588 mecum

156 3635 353 3724 reputaverit
373 3646 436 3701 tres
456 3635 523 3701 dies
544 3635 754 3701 intercessisse
772 3635 856 3702 inter
870 3636 995 3702 cladem
1008 3635 1184 3702 Alliensem
1195 3647 1227 3701 et

156 3745 279 3814 Urbem
295 3759 442 3837 captam,
456 3772 515 3838 per
530 3747 617 3838 quod
635 3759 761 3838 tempus
777 3750 932 3815 continuo
951 3750 1079 3815 clausae
1097 3750 1228 3815 suerunt

156 3857 233 3923 illae
255 3858 390 3936 saltem,
403 3882 465 3949 qua
484 3858 591 3925 hostes
603 3870 878 3948 exspectarentur,
893 3860 955 3925 nisi
966 3860 1124 3926 Romanos
1142 3863 1227 3926 insa·

159 3971 253 4037 niisse
270 3968 421 4036 nonnihil
443 3970 535 4034 nobis
555 3969 751 4036 inducamus.
778 3968 987 4060 collegerunt
1005 3972 1126 4037 interea
1143 3972 1228 4038 Galli

163 4084 297 4149 victores
324 4106 381 4174 per
411 4095 472 4148 tres
501 4081 574 4147 illos
595 4081 662 4147 dies
680 4105 844 4149 caesorum
865 4085 981 4173 spolia,
1011 4085 1154 4152 dissectis
1174 4110 1228 4153 ca-

194 4293 212 4359 l)
229 4292 280 4344 Sat.
304 4298 327 4345 1.
353 4300 393 4344 16.
464 4292 485 4360 2)
509 4296 542 4343 V.
570 4298 609 4344 17.
679 4292 700 4359 ὅ1
718 4297 767 4346 VI.
795 4301 822 4354 l;
847 4296 919 4347 Serv.
944 4295 979 4344 od
1000 4295 1061 4346 Aen.
1086 4300 1149 4349 VII.
1177 4303 1234 4349 717.

161 4371 181 4438 ⁴)
198 4378 249 4430 Ltv.
266 4383 301 4431 v.
321 4385 436 4439 ars-41,
455 4379 524 4429 utor.
543 4379 566 4428 1.
588 4385 617 4428 rs
638 4382 653 4443 a
669 4385 770 4438 s-14;
796 4379 867 4432 oros.
883 4382 919 4433 ΙΙ.
939 4386 983 4441 19;
1002 4382 1076 4432 Diod.
1092 4382 1141 4434 sic.
1158 4383 1233 4435 XIV.

165 4464 225 4521 115;
240 4464 307 4516 Plut.
331 4463 395 4514 Cam.
416 4470 461 4525 21,
482 4468 528 4523 225
546 4463 635 4516 Zonar.
654 4464 718 4515 vn.
739 4469 779 4513 23.
