3210 5300
428 402 449 484 ᾗ
470 404 499 465 8.
520 419 628 464 corsua
650 403 708 462 ΠΙ.
729 402 798 464 489.
817 401 838 483 ᾗ
860 403 889 464 9.
910 420 1039 465 uuuuus.
1216 405 1276 466 295

206 609 280 664 suut
305 592 457 676 Romam,
484 597 543 687 qui
566 596 609 664 de
631 597 780 664 libertate
800 594 1054 664 Vulsiniensium
1072 599 1268 666 restituenda

202 723 349 800 agerent,
388 710 474 801 quod
508 732 606 801 quum
642 708 766 777 Samnis
796 709 927 800 quidam
955 713 1142 802 aperuisset,
1170 714 1267 779 iratus

201 826 340 916 populus
367 825 399 890 in
430 824 664 889 nobilissimum
693 844 855 914 quemque
886 824 1120 892 Vulsiniensem
1148 828 1267 893 sacriit.
1335 906 1344 921 ·

203 937 291 1022 Quae
312 935 424 1002 caedes
442 935 615 1001 incitarunt
634 946 740 1027 patres
759 935 954 1026 conscriptos
970 937 1010 1002 ad
1028 936 1115 1003 huuc
1135 961 1266 1030 quoque

199 1050 357 1141 populum
386 1047 611 1138 subigendum,
643 1049 700 1138 qui
729 1047 814 1113 solus
843 1048 877 1113 in
905 1047 998 1115 Italia
1025 1072 1090 1116 non
1115 1052 1264 1118 audiebat

200 1163 363 1229 Romanis.

243 1276 357 1343 Missus
383 1287 430 1341 est
456 1274 579 1366 Gurges
605 1274 645 1340 ad
667 1275 882 1341 Vulsinienses
901 1275 941 1341 de
960 1275 1175 1343 dominatione
1196 1300 1261 1342 ser-

198 1412 309 1456 rorum
330 1386 512 1454 liberandos
532 1387 586 1453 sed
607 1411 640 1453 se
658 1411 730 1454 rera
748 1388 869 1479 populo
889 1389 1034 1454 Romano
1052 1388 1261 1478 subigendos;

198 1503 256 1593 qui
276 1524 375 1593 quum
394 1524 532 1591 pugnam
560 1501 697 1579 iniisset,
722 1523 775 1566 eos
800 1501 925 1591 fugatos
943 1501 976 1565 in
999 1501 1110 1567 urbem
1134 1502 1262 1576 reiecit,

200 1603 295 1705 quam
317 1616 422 1707 coepit
441 1636 625 1706 oppugnare
643 1634 701 1680 nee
717 1626 823 1680 tamen
841 1615 990 1705 perfecit,
1010 1616 1141 1683 vulnere
1161 1615 1261 1681 afflic-

200 1738 247 1793 tus
275 1726 360 1792 diem
389 1748 571 1815 supremum
599 1746 673 1791 mor
696 1725 789 1791 obiit.
837 1726 1053 1792 Vulsinienses
1078 1727 1132 1792 illa
1158 1740 1261 1794 morte

197 1838 271 1904 elati
288 1851 498 1929 erupuerunt,
521 1839 636 1903 frustra
659 1851 780 1917 tameo,
799 1860 872 1904 uam
892 1841 924 1904 in
947 1839 1060 1905 urbem
1073 1839 1189 1906 iterum
1209 1864 1262 1907 re-

196 1940 278 2040 pulsi
303 1963 396 2030 sunt,
430 1972 493 2040 qua
524 1951 629 2015 diruta
658 1948 690 2014 in
715 1951 868 2039 superbos
890 1960 994 2017 servos
1018 1953 1171 2017 saevitum
1194 1967 1260 2032 est,

196 2067 308 2130 ceteris
337 2066 370 2130 in
401 2064 499 2130 alium
527 2064 635 2129 locum
657 2064 768 2128 urbem
791 2064 928 2131 condere
949 2048 1173 2131 concesseruut
1195 2068 1262 2133 Ro·

195 2177 293 2243 mani.
349 2176 438 2261 Quae
478 2179 585 2243 onruia
633 2177 779 2267 sequenti
818 2178 946 2242 demum
987 2200 1071 2243 auno
1110 2178 1262 2244 recidisse

195 2287 356 2368 ridentur,
380 2291 502 2356 etiamsi
521 2290 656 2356 Zonaras
676 2308 741 2355 non
762 2288 887 2355 addidit
906 2289 1006 2369 illud,
1029 2313 1102 2356 nam
1119 2291 1163 2356 M.
1180 2292 1261 2356 Ful·

194 2403 264 2468 rius
298 2403 428 2470 Flaccus
462 2403 503 2468 de
538 2405 575 2468 iis
609 2402 818 2494 triumpharit
851 2398 996 2468 kalendis
1031 2404 1262 2470 novembribus

194 2518 355 2605 sequentis
387 2513 472 2584 anni.
522 2517 561 2582 tlt
591 2517 636 2582 sic
663 2528 729 2581 tota
755 2515 845 2582 ltalia
871 2538 970 2605 quum
990 2514 1022 2580 in
1041 2517 1258 2585 Romanorum

194 2639 322 2694 venerat
344 2639 549 2719 potestatem,
573 2625 699 2693 bellum·
722 2628 879 2694 Punicum
903 2629 1053 2695 instabat.
1225 2613 1234 2635 ⁸
1257 2620 1262 2627 ’

562 2812 580 2895 §
605 2813 635 2877 9.
681 2809 843 2876 Nummus
867 2822 891 2877 ¹.

242 2962 457 3044 GURGE&
480 2964 584 3055 Caput
607 2966 728 3031 Romae
750 2966 918 3055 galeatum.

240 3079 278 3166 Q.
309 3076 505 3146 MAerus
533 3079 644 3167 Quinti
676 3079 782 3144 Filius
810 3078 889 3144 EX
914 3074 1052 3145 Senatus
1086 3077 1255 3162 Consult03

191 3192 328 3259 triremis
351 3193 566 3284 imperatoria,
590 3193 623 3256 in
648 3192 713 3258 imo
738 3191 890 3261 ROMA.
1253 3224 1257 3233 ·

235 3302 379 3370 Goltzius
403 3304 464 3369 hoc
484 3324 541 3372 suo
561 3296 693 3370 nummo
716 3305 881 3394 Gurgitem
901 3296 1045 3370 nostrum
1064 3306 1253 3387 celebrarit,

189 3416 244 3483 sed
270 3419 328 3495 ita,
353 3429 388 3482 ut
412 3410 506 3483 simul
527 3434 614 3483 suam
636 3418 850 3506 ignorantiam
869 3417 902 3481 in
923 3414 1145 3483 numismatica
1166 3421 1254 3486 cele-

188 3532 335 3596 braverit.
381 3531 428 3596 De
449 3552 538 3595 more
558 3530 643 3595 enim
661 3550 698 3596 ex
721 3530 866 3620 genuinis
882 3530 1022 3595 nummis
1038 3552 1156 3596 norum
1173 3554 1253 3598 con·

187 3644 291 3723 flavit,
316 3664 423 3709 rerum
449 3666 513 3709 non
534 3644 607 3708 satis
628 3642 814 3708 distinxerat
834 3655 1000 3733 tempora,
1017 3643 1060 3706 ita
1081 3655 1117 3707 ut
1136 3655 1250 3735 typum

185 3757 281 3844 longe
309 3756 515 3822 recentiorem
552 3755 676 3844 Gurgiti
706 3756 888 3822 obtruscrit.
944 3754 1135 3821 Vaillautius
1163 3771 1252 3825 recte

184 3861 268 3932 illud
295 3861 468 3958 perspexit,
501 3869 558 3959 qui
586 3880 717 3958 propter
743 3869 840 3933 istum
865 3867 972 3959 posuit
997 3868 1092 3934 fuisse
1112 3869 1249 3936 alterum

183 3978 351 4069 Gurgitem
372 3976 471 4046 nostri
492 3982 594 4047 filium
613 4002 743 4074 nempe,
763 3982 820 4071 qni
836 4004 920 4046 anno
940 3984 1006 4047 493
1021 3995 1171 4072 quaestor
1187 3983 1253 4048 fuir

180 4105 215 4159 et
245 4086 310 4162 498
338 4091 458 4161 aedilis.
505 4094 560 4159 Nil
584 4095 708 4174 falsius,
730 4118 805 4160 nam
833 4095 1122 4186 apparetGurgitis
1142 4097 1246 4163 lilium

179 4205 509 4274 Marimnmsstantum
538 4221 606 4273 esse
631 4208 845 4300 appellatum,
875 4221 907 4274 et
931 4226 1088 4299 agnomen
1108 4211 1253 4301 ignomiae

210 4452 230 4521 ¹)
249 4457 324 4509 Vaill.
342 4459 391 4509 ΝΟ.
412 4461 440 4517 t;
457 4457 523 4507 Mor.
542 4456 617 4509 XVI.
636 4461 660 4508 ⁵.
