3212 5294
592 480 613 562 ς
635 480 663 542 8.
688 497 798 542 consur
821 483 861 543 ll.
882 481 951 543 444.
1254 485 1315 547 255

244 670 444 753 inimicitiam
477 695 586 739 rerum
615 672 698 739 alter
718 673 831 739 consul
851 673 982 740 vulnere
1001 671 1137 739 afflictus
1157 675 1313 766 impedie-

248 785 342 851 batur
370 784 456 851 bunc
487 785 769 853 extraordinarium
798 785 904 852 dicere
934 785 1164 876 magistratum.
1210 787 1311 856 Mittit

248 921 322 989 ergo
346 911 489 980 senatus,
512 910 548 965 ut
573 900 655 966 tama
675 899 755 978 sert,
779 899 901 989 legatos
919 898 959 964 ad
981 898 1116 966 Fabium
1135 899 1312 992 deprecan-

247 1012 324 1078 dum
343 1013 480 1104 prirutas
496 1013 636 1079 mitteret
653 1012 850 1092 inimicitias,
871 1012 927 1078 ubi
944 1012 985 1077 de
1001 1013 1199 1104 reipublicae
1209 1014 1312 1081 salute

246 1126 468 1217 quaerebatur.
517 1126 598 1192 Turn
617 1126 728 1192 consul
751 1125 860 1192 audito
880 1138 1006 1192 senatus
1024 1126 1173 1192 consulto
1193 1127 1239 1192 nil
1260 1150 1311 1194 re·

247 1239 408 1331 spondisse
431 1239 549 1317 fertur,
573 1262 683 1305 rerum
712 1239 855 1330 proxima
878 1250 975 1304 nocte
996 1237 1123 1305 silentio
1144 1239 1312 1306 surrexisse

246 1363 342 1442 atque
361 1352 523 1442 Papirium
543 1352 733 1419 dictatorem
752 1351 885 1431 dixisse,
909 1352 965 1442 qui
986 1349 1026 1419 C.'
1038 1352 1167 1418 lunium
1186 1352 1313 1419 Bubul-

246 1486 320 1530 cum
341 1464 527 1554 magistrum
548 1464 608 1530 sibi
628 1464 770 1532 adscivit.

291 1577 363 1664 Quo
396 1590 504 1644 autern
539 1600 666 1645 cursum
699 1579 849 1645 direxerit
883 1577 1021 1644 dictator
1053 1578 1213 1669 Papirius,
1247 1604 1312 1647 non

245 1694 318 1758 satis
337 1705 468 1784 apparet
489 1715 524 1759 er
545 1691 649 1773 Liri03
674 1693 713 1759 ad
734 1691 914 1783 Longulam
935 1691 1072 1781 receptis
1093 1691 1204 1758 Marcii
1223 1694 1311 1760 mili·

246 1806 330 1871 tibus
352 1806 524 1897 pugnavit,
549 1807 603 1873 sed
622 1808 700 1872 situs
722 1819 769 1873 est
790 1807 879 1872 locus
899 1805 956 1871 itte
975 1805 1008 1869 iu
1031 1805 1219 1872 Volscorum
1239 1831 1314 1897 agro

245 1919 328 1984 inter
355 1918 490 1985 Ardeam
520 1931 551 1984 et
578 1918 753 1998 Satricum,
786 1919 842 1985 ubi
867 1918 974 2008 copias
999 1917 1111 1983 Marcii
1130 1919 1227 1985 fuisse
1245 1943 1312 1987 non

246 2031 398 2120 estquod
419 2031 556 2098 credam.
586 2031 768 2121 Vagabatur
791 2032 875 2097 sama
895 2030 987 2096 Fabii
1003 2052 1108 2095 rerum
1129 2031 1164 2095 in
1185 2032 1312 2099 Etruria

245 2156 420 2232 gestarum,
440 2167 567 2212 necnon
586 2145 703 2237 Papirii
722 2143 869 2211 adsersus
887 2143 1064 2221 Samnites,
1079 2141 1132 2208 sed
1150 2145 1312 2211 nesciebat

247 2256 353 2323 Livius
374 2257 450 2348 quid
475 2258 650 2349 unicuique
672 2258 848 2338 tribueret,
871 2255 948 2322 hinc
968 2256 1096 2322 miscuit
1116 2267 1259 2348 tempora
1279 2269 1311 2324 et

245 2393 293 2435 res
322 2383 437 2460 gestas,
467 2393 549 2460 quae
578 2370 718 2437 turbatio
749 2382 883 2460 augetur
910 2368 1033 2459 proelio
1062 2367 1102 2433 ad
1126 2368 1313 2436 Vadimonis

245 2482 349 2548 lacurn
372 2483 435 2548 huc
452 2495 564 2550 tracto.
612 2484 775 2550 Acerrime
795 2484 827 2548 in
848 2482 907 2548 itto
926 2495 1105 2573 pugnatum
1125 2493 1190 2561 est,
1213 2484 1313 2549 caesis

245 2594 456 2685 antesignanis
488 2615 525 2661 er
555 2595 693 2660 secunda
722 2595 789 2661 acia
808 2596 911 2686 prima
932 2595 1017 2660 iacta
1037 2606 1103 2672 est,
1126 2594 1249 2684 equites
1270 2594 1310 2661 ad

242 2707 387 2799 peditum
415 2706 541 2774 ordines
570 2707 782 2787 devenerunt,
815 2708 871 2775 sed
906 2707 1030 2773 etiamsi
1054 2707 1185 2797 ancipiti
1210 2708 1312 2775 Marte

243 2834 420 2913 pugnatum
446 2832 511 2899 est,
536 2818 576 2885 de
604 2843 690 2886 more
716 2821 863 2886 vicerunt
885 2820 1022 2886 Romani
1042 2831 1210 2910 castraque
1230 2821 1310 2887 diri-

243 2945 390 3024 puerunt.
440 2933 510 2999 Pari
530 2933 575 3000 rei
595 2933 778 2999 discrimine
798 2946 831 2999 et
851 2955 998 3000 successu
1017 2945 1194 3024 pugnatum
1213 2936 1310 3001 estin

243 3045 390 3124 Samni03
416 3044 563 3135 magister
594 3043 740 3133 equitum
769 3067 843 3110 cum
868 3045 995 3111 sinistro
1021 3067 1122 3111 cornu
1152 3045 1241 3136 prior
1259 3046 1310 3113 in·

244 3159 322 3225 rasit
345 3157 494 3224 hostilem
518 3158 634 3236 aciem,
660 3180 733 3222 mor
754 3158 821 3248 ipse
841 3156 979 3224 dictator
998 3157 1074 3224 ricit
1096 3180 1170 3223 cum
1191 3159 1312 3236 altero,

244 3272 287 3338 sic
316 3270 473 3337 Samnites
501 3268 542 3335 ab
572 3283 709 3361 utraque
738 3283 830 3361 parte
857 3271 1066 3338 circumventi
1089 3270 1206 3337 devicti
1225 3286 1309 3340 sunt.

290 3383 383 3468 Quod
402 3384 575 3475 exspectari
594 3383 688 3462 licet,
707 3382 844 3450 dictator
863 3386 957 3451 tertio
974 3382 1183 3474 triumpharit
1203 3383 1312 3451 idibus

245 3499 447 3578 octobribus,
481 3520 543 3587 qua
575 3497 606 3562 in
627 3521 746 3589 pompa
767 3510 875 3564 aurata
896 3497 985 3564 duxit
1013 3509 1117 3576 scuta,
1147 3519 1229 3588 quae
1251 3497 1310 3564 do·

243 3611 336 3678 ruinis
353 3611 601 3701 argentariarum
616 3610 656 3675 ad
674 3609 780 3677 forum
801 3611 979 3677 ornandum
998 3609 1099 3676 divisa
1115 3621 1206 3689 suut,
1223 3611 1312 3678 unde

243 3748 311 3791 mos
341 3737 434 3790 natus
463 3747 528 3790 esse
555 3725 658 3790 fertur
684 3724 820 3790 ornandi
837 3725 899 3791 sori
919 3725 961 3790 ab
984 3723 1151 3790 aedilibus.
1199 3724 1310 3791 Habe·

243 3859 313 3903 mus
333 3851 439 3904 tamen
460 3838 576 3904 iterum
597 3861 666 3904 reos
686 3839 874 3904 coufitentes
896 3838 1073 3917 Romanos,
1097 3859 1161 3902 non
1180 3836 1224 3902 ita
1241 3861 1310 3905 rem

243 3952 382 4041 potuisse
412 3950 574 4030 accidere;
608 3974 681 4017 narn
711 3952 736 4017 si
759 3964 850 4017 scuto
867 3950 924 4017 illa
943 3949 1135 4017 Samnitium
1157 3950 1309 4018 Romanis

243 4063 323 4129 adeo
350 4064 456 4153 ignota
482 4063 630 4142 fuissent,
654 4076 689 4129 ut
710 4063 819 4130 Livius
841 4076 850 4114 ¹
875 4064 989 4143 tradit,
1014 4087 1079 4155 quo
1102 4075 1247 4153 tempore
1268 4064 1310 4131 de

244 4175 440 4243 Samnitibus
458 4175 657 4243 debellatum
677 4189 762 4259 erat,
785 4178 948 4245 Romanos
967 4190 1061 4245 antea
1080 4183 1193 4243 coccos
1213 4178 1311 4245 fuisse

245 4299 380 4369 statuas,
403 4290 523 4381 quippe
548 4291 603 4380 qui
628 4313 692 4357 non
717 4291 869 4358 vidissent
894 4303 983 4358 scuta
1005 4291 1065 4359 ista
1090 4292 1123 4359 in
1147 4291 1281 4383 proelio.

274 4538 293 4607 ¹)
310 4541 358 4590 rx.
379 4548 419 4592 ro.
