3194 5302
370 427 440 510 §n
472 443 582 488 ccaoas
602 440 799 487 caraxauasrs
819 426 990 489 tto-277.
1178 426 1217 489 tr

144 618 227 712 quod
241 618 367 685 Gellius
385 617 474 685 addit
491 641 634 686 eoscum
651 620 780 686 familiis
800 621 864 686 suis
881 621 1114 686 circumventos
1132 641 1210 699 esse,

145 734 233 824 atqui
249 733 371 799 milites
388 732 462 799 illos
482 754 556 800 oum
577 733 728 801 uxoribus
744 734 918 826 liberisque
938 733 1118 803 Cremeram
1138 758 1217 826 pro·

144 849 245 915 lectos
276 866 360 925 esser
388 845 564 913 dnmmodo
592 847 674 913 illud
703 870 814 938 urgere
842 847 953 927 liceat,
978 870 1051 914 num
1079 848 1218 939 suspicio

144 973 270 1028 tantum
291 971 339 1027 est
357 958 526 1026 Niebubrii
546 959 687 1027 Gellium
705 959 768 1026 hoc
786 984 822 1027 er
845 960 1072 1052 antiquissimis
1090 959 1217 1026 annali·

23 1154 24 1157 Ἴ
145 1075 206 1140 bus
228 1072 361 1151 babere,
380 1071 466 1162 quod
484 1071 633 1164 equidem
650 1072 808 1139 historicis
822 1073 863 1140 de
882 1096 940 1139 suo
956 1072 1120 1139 historiam
1139 1095 1217 1164 sup·

144 1187 311 1279 plentibus
337 1186 513 1252 tribuerim.
563 1185 649 1271 Quae
682 1187 811 1253 condita
838 1187 964 1255 colonia
990 1187 1112 1253 etiamsi
1138 1208 1219 1251 con-

148 1313 222 1378 stat,
242 1299 312 1365 noli
325 1298 475 1378 credere,
494 1298 581 1389 qnod
599 1298 703 1365 Piund
722 1300 916 1390 ingeniosius
933 1298 1127 1391 composuit,
1146 1321 1218 1364 eam

149 1425 292 1505 spectare
313 1413 484 1479 Fabiorum
505 1412 699 1504 peculiarem
720 1413 892 1505 quamdam
913 1412 979 1504 agri
1004 1413 1037 1478 id
1060 1424 1107 1479 est
1127 1410 1221 1478 fabae

148 1528 327 1606 culturam;
359 1524 551 1617 praesidium
583 1526 720 1593 militare
747 1528 833 1592 enim
865 1524 910 1592 nil
938 1525 1115 1616 quidquam
1144 1547 1220 1591 curu

148 1639 210 1706 hoc
240 1638 337 1705 habet
366 1659 548 1705 commune.
594 1636 663 1704 Nec
693 1660 767 1704 rero
799 1650 909 1704 contra
938 1637 1098 1705 coloniam
1128 1638 1220 1703 illam

149 1753 207 1818 rite
234 1751 407 1819 deductam
427 1750 556 1831 afferas,
584 1750 671 1842 quod
691 1753 819 1819 nonnisi
839 1774 921 1819 nnus
939 1751 990 1818 rel
1011 1749 1076 1817 duo
1097 1775 1135 1818 ex
1158 1751 1221 1817 lta-

152 1867 211 1932 biis
230 1889 300 1932 cam
319 1865 523 1944 deduxerint,
543 1863 605 1930 hoc
621 1866 705 1931 eninr
724 1865 855 1932 minoris
871 1864 1027 1932 momenti
1043 1878 1103 1945 est;
1124 1864 1221 1956 quid-

153 1978 229 2069 quid
250 1991 314 2059 est,
335 1978 461 2045 fallitur
479 1990 548 2045 turn
572 1976 676 2044 Piund
697 1991 766 2045 tum
786 1978 891 2045 Leuis
912 1991 942 2056 ¹,
963 1977 1019 2044 ubi
1040 1977 1183 2044 scribunt
1204 2001 1223 2045 a

151 2091 251 2158 tribus
279 2091 430 2157 fratribus
463 2091 581 2157 nostris
608 2089 791 2158 Cremeram
823 2089 994 2157 deductam
1025 2112 1111 2171 esse,
1149 2114 1223 2157 nam

156 2202 264 2288 Quinti
284 2224 370 2271 mors
388 2217 484 2295 atque
506 2202 648 2270 laudatio
668 2204 753 2270 cadit
771 2205 805 2271 in
826 2217 974 2296 quartum
1000 2226 1120 2270 annum
1141 2215 1225 2270 aute.

199 2316 303 2402 Quam
333 2317 580 2408 explicationem
609 2318 635 2383 si
662 2330 735 2383 ante
765 2318 876 2385 oculos
904 2317 1060 2384 habemus
1085 2329 1118 2383 et
1140 2316 1224 2382 Lirii

157 2430 364 2521 llionysiique
395 2429 530 2521 legimns
557 2431 657 2497 cladis
686 2432 953 2523 descriptionem,
977 2431 1022 2496 nil
1047 2430 1224 2521 quidquam

157 2544 328 2611 absurdum
357 2566 520 2635 superesse
549 2544 721 2611 contendo.
768 2545 877 2611 Restat
900 2556 1040 2622 tantum,
1065 2555 1100 2609 ut
1119 2543 1225 2609 dicam

158 2656 319 2748 quomodo
344 2657 516 2748 perierint;
546 2656 663 2725 Tuscos
690 2658 859 2736 Romanis,
884 2659 940 2749 qui
964 2658 1109 2725 odiosum
1132 2681 1225 2750 prae·

159 2772 273 2837 sidium
302 2781 466 2851 tenerent,
496 2770 660 2837 insidiatos
678 2794 761 2851 esse,
786 2795 849 2838 non
870 2772 988 2838 mirum
1007 2785 1069 2851 est,
1092 2785 1227 2839 naturae

158 2907 263 2951 rerum
282 2894 514 2949 consentaneae
534 2895 609 2949 sunt
628 2880 777 2962 insidiae,
799 2886 865 2950 siro
882 2898 960 2952 tunc
976 2884 1153 2952 dimiserint
1168 2909 1227 2976 pc·

160 3021 232 3064 cora
263 2996 439 3075 nonnulla,
473 3018 555 3086 quas
585 2996 709 3065 direraa
737 2998 807 3064 loca
837 3010 997 3090 peterent,
1032 3011 1068 3064 ut
1095 2999 1226 3065 seorsim

158 3104 407 3201 aggrederentur
435 3131 504 3189 eos,
536 3110 601 3176 sire
628 3111 691 3177 alio
716 3132 911 3203 quocunque
932 3112 1039 3178 modo.
1086 3110 1157 3189 Hoc
1177 3124 1226 3177 ta·

159 3249 232 3291 meu
265 3224 396 3290 unicum
424 3246 487 3289 nou
511 3223 636 3314 placet,
660 3223 748 3315 quod
767 3224 942 3291 audiuntur
962 3225 1052 3291 Fabii
1072 3225 1228 3316 oppressi,

159 3338 296 3404 inermes
325 3357 425 3428 quum
454 3349 542 3402 erant
568 3336 707 3428 proiecti
735 3359 895 3404 sacrorum
921 3360 1034 3418 causa,
1063 3360 1146 3429 quae
1169 3360 1228 3403 ne-

161 3451 235 3541 gligi
261 3451 384 3542 privata
409 3461 529 3516 retarct
554 3451 682 3542 religio;
704 3453 758 3542 pia
778 3464 886 3519 mente
905 3451 1026 3543 absque
1044 3450 1140 3544 siguis
1160 3451 1228 3517 sine

162 3560 348 3629 custodibus
373 3561 546 3627 creduntur
571 3561 762 3651 necopinato
789 3563 926 3628 lacessiti
945 3574 977 3628 et
996 3562 1068 3628 telis
1088 3562 1227 3654 pilisque

164 3676 313 3742 conlecti.
370 3672 471 3741 Cedat
497 3675 556 3740 ista
583 3673 684 3740 cladis
711 3687 879 3741 exornatae
908 3675 1126 3767 interpretatio
1153 3696 1228 3740 curn

164 3812 310 3880 perversa
329 3788 495 3879 opinione,
514 3808 611 3878 quam
629 3787 726 3853 modo
745 3788 881 3879 explosi,
899 3787 987 3878 quod
1006 3787 1134 3853 nonnisi
1151 3810 1229 3878 gens

165 3915 270 3968 nostra
291 3924 359 3966 rem
381 3902 567 3992 suscepisset
587 3913 619 3966 et
640 3923 728 3968 sacra
748 3924 803 3968 sua
823 3903 946 3994 prirata
963 3903 1059 3993 igiter
1078 3886 1230 3994 peragere

166 4015 334 4082 debuisset.
359 4013 427 4080 lam
446 4010 616 4103 Dionysius
632 4014 715 4081 hunc
739 4008 857 4082 lamam
878 4015 964 4081 haud
986 4015 1229 4083 contemnendis

168 4129 359 4218 argumentis
376 4128 526 4219 explosit,
549 4128 588 4194 ad
610 4152 693 4220 quae
712 4130 864 4196 lectorem
887 4130 1081 4221 ablegarem,
1101 4130 1162 4197 nisi
1181 4131 1229 4197 ri·

169 4241 280 4310 dissem
306 4242 357 4308 rel
385 4242 457 4308 viris
476 4241 578 4309 doctis
596 4242 740 4310 nondum
761 4267 828 4310 csse
846 4265 1039 4334 persuasum.
1086 4243 1159 4310 Non
1180 4266 1230 4309 sa·

194 4483 213 4550 ¹)
238 4487 276 4536 11.
308 4490 355 4535 148
383 4503 408 4536 n.
440 4488 496 4536 177.
