3210 5300
327 451 387 515 306
469 470 497 520 o.
519 468 621 519 stains
643 469 670 518 c.
693 469 719 512 r.
741 469 768 518 o.
790 465 820 510 n.
840 467 970 511 ursinus
991 467 1161 512 concarrus
1182 451 1258 532 (33).

340 645 514 718 secuudum
528 645 702 711 Varronem
724 642 803 709 duas
824 644 1004 724 tesserulas,
1026 644 1060 709 in
1081 645 1198 736 quibus
1218 644 1349 712 caducei
1369 658 1401 712 et

338 758 447 831 bastae
478 757 645 824 simulacra
675 770 765 823 erant
793 757 908 836 incisa;
941 779 978 822 ex
1004 757 1120 847 quibus
1143 759 1230 848 pacis
1257 758 1400 848 bellique

337 873 432 963 signis
459 885 566 939 utrum
595 872 714 938 vellent
742 871 915 960 eligerent,
945 871 1031 960 quod
1053 871 1224 960 elegissent
1244 870 1277 936 id
1299 892 1400 937 uuum·

338 990 374 1043 ut
391 1001 457 1044 esse
468 977 598 1043 missurn
609 977 850 1045 existimaretur.
876 973 1151 1066 Carthaginienses
1168 976 1400 1067 responderunt

336 1103 487 1158 neutrum
508 1112 574 1159 sese
593 1091 724 1179 eligere,
743 1089 796 1155 sed
815 1112 906 1181 posse
923 1089 979 1179 qui
997 1088 1176 1155 attulissent
1193 1101 1301 1156 utrum
1319 1092 1401 1157 mal-

339 1203 408 1275 lent
439 1203 638 1294 relinquere,
668 1203 701 1268 id
718 1203 779 1268 sibi
799 1224 858 1294 pro
879 1202 982 1268 electo
1003 1201 1158 1268 futurum.
1206 1201 1275 1269 Nec
1295 1215 1401 1269 temen

339 1316 477 1381 Romani
507 1316 684 1407 quidquam
714 1316 892 1405 elegerunt,
927 1314 1044 1405 quibus
1073 1327 1198 1405 tempus
1225 1317 1300 1383 nori
1322 1316 1402 1382 belli

339 1429 531 1520 suscipiendi
552 1429 696 1494 nondum
715 1428 824 1494 adesse
845 1427 1021 1494 ridebatur.

333 1542 339 1634 J
386 1541 459 1607 Non
488 1566 616 1633 possum
645 1542 723 1632 quin
748 1540 900 1606 hocloco
923 1540 1074 1608 Gronorii
1095 1542 1308 1631 suspicionem
1330 1538 1403 1607 red-

333 1677 488 1744 arguam,
518 1656 574 1745 qui
600 1654 767 1745 epistolam
788 1653 877 1719 Fabii
896 1654 1035 1720 consulis
1054 1676 1111 1744 per
1132 1653 1179 1719 fas
1201 1666 1233 1719 et
1253 1653 1342 1719 nefas
1360 1653 1401 1718 ati

336 1766 531 1856 *legationem
551 1767 691 1832 eiusdem
706 1765 982 1845 relerreaolcbat,
1007 1778 1039 1831 et
1051 1777 1136 1831 certe
1154 1765 1215 1830 sibi
1235 1766 1401 1855 contigisse

339 1878 508 1947 ‚videbatur
524 1891 589 1945 »ut
605 1878 658 1945 hic
673 1880 761 1944 locus
772 1879 869 1945 Gellii
884 1880 923 1945 sit
941 1902 1047 1946 sersus
1063 1901 1100 1944 ex
1121 1891 1250 1945 auctore
1263 1879 1401 1959 Graeco,

340 1993 396 2082 qui
423 1993 588 2083 scripserat
613 1991 808 2073 decerperem
833 1992 1050 2072 πρεσβευτής,
1078 1993 1134 2082 qui
1152 2014 1319 2082 perperam
1339 1993 1402 2058 La-

342 2106 409 2171 tine
440 2092 600 2197 spectatus
629 2105 752 2170 dederit
772 2107 1036 2195 imperotoreffl.
1084 2105 1125 2171 At
1151 2105 1290 2171 Zonarae
1314 2105 1403 2172 testi·

338 2218 439 2284 monii
465 2220 592 2308 ignarus
619 2217 781 2284 nesciebat
801 2218 858 2283 illc
878 2218 1014 2283 Fabium
1034 2218 1068 2287 in
1088 2218 1192 2309 primo
1213 2218 1399 2297 consulatu,

338 2343 449 2397 contra
488 2330 621 2421 Ligures
653 2353 754 2420 quum
788 2353 856 2397 rem
888 2330 1037 2420 gerebat,
1071 2353 1195 2397 summo
1223 2332 1292 2399 iure
1320 2330 1402 2397 illud

339 2443 499 2536 scripsisse
517 2444 690 2534 imperator
711 2442 787 2509 dum
809 2455 894 2522 erat,
919 2445 1008 2533 atqui
1028 2466 1092 2510 uon
1111 2445 1340 2512 recurrendum
1356 2459 1403 2512 est

340 2556 380 2621 ad
411 2555 650 2638 αὐτοκράτορσι,
682 2557 773 2625 ouius
802 2578 918 2624 manus
946 2558 1132 2649 ceteroquin
1152 2581 1226 2624 curn
1246 2558 1402 2649 legatione

342 2666 594 2757 haudquaquam
618 2668 768 2757 coniungi
791 2679 907 2758 potest.

699 2851 717 2934 §
744 2850 773 2915 4.
824 2845 950 2915 Censor
974 2850 1048 2915 524.

341 3066 345 3073 .
431 3022 461 3079 Q.
480 3021 608 3070 FABIUS
623 3023 653 3081 Q.
672 3024 702 3072 F.
723 3024 752 3081 Q.
771 3024 806 3073 Ν.
824 3022 978 3075 MAXIMUS
1000 3022 1241 3077 VERRUCOSSUS.

341 3174 353 3185 „
432 3107 469 3153 M.
489 3106 723 3156 SEMPRONIUS
738 3108 765 3158 0.
784 3108 814 3156 F.
832 3108 870 3156 M.
888 3109 924 3158 Ν.
945 3109 1144 3159 TUDITANUS.
1246 3111 1276 3160 L.
1295 3111 1324 3160 F.
1341 3114 1409 3163 XLI.

387 3225 445 3293 llis
466 3227 512 3293 nil
533 3227 717 3294 addendum
739 3226 860 3306 babeo,
884 3251 957 3294 nam
979 3229 1064 3296 Fasti
1085 3230 1169 3297 unici
1195 3242 1289 3303 testes
1313 3233 1404 3303 nobis

343 3352 416 3406 sunt
440 3339 534 3406 huius
553 3341 645 3406 Fabii
665 3339 809 3420 honoris,
834 3340 918 3406 unde
939 3340 1001 3406 boc
1021 3355 1145 3410 tantum
1165 3346 1310 3435 sequitur
1330 3369 1403 3414 eum

342 3454 524 3534 censorium
540 3466 668 3520 senatus
684 3454 862 3545 principem
881 3453 945 3519 dici
960 3478 1068 3545 posse,
1085 3456 1172 3546 quod
1186 3457 1286 3525 lustro
1302 3458 1404 3526 XLIV

342 3567 495 3637 accidisse
514 3567 617 3634 fertur
635 3590 717 3634 anuo
740 3573 804 3635 545
829 3580 838 3619 ¹
862 3578 894 3632 et
913 3570 1161 3660 sequentianno
1181 3576 1256 3639 550.

668 3752 686 3836 ᾖ
712 3756 742 3816 5.
793 3746 918 3815 Consul
938 3747 981 3818 ΙΙ.
1007 3752 1081 3818 526.

345 3870 350 3875 ’
415 3907 445 3964 Q.
465 3906 592 3955 rarius
609 3907 638 3964 a.
657 3907 688 3956 r.
707 3907 738 3966 Q·
757 3907 791 3956 n.
809 3906 975 3955 narinus
993 3907 1222 3957 rannueossus
1239 3907 1306 3961 11².

415 3992 465 4040 sa.
487 3991 672 4039 ornamus
688 3993 738 4039 sa.
759 3991 787 4041 n
808 3990 835 4040 a.
853 3991 888 4040 rr.
908 3992 1076 4040 ursinus
1090 3994 1126 4042 n.

386 4094 434 4161 Ile
471 4096 523 4173 iis,
556 4118 638 4186 quae
665 4096 764 4162 altero
795 4095 962 4161 consulatu
993 4104 1006 4144 ³
1041 4096 1117 4167 iecit
1145 4098 1278 4178 Fabius,
1312 4099 1404 4165 unius

342 4220 465 4275 tanturn
488 4210 533 4274 rei
552 4211 704 4275 memoria
724 4209 764 4274 ad
784 4233 841 4276 nos
860 4209 1021 4302 perressit,
1046 4212 1131 4301 quod
1150 4213 1212 4304 legi
1229 4214 1405 4279 Flaminiae

370 4419 390 4486 ¹)
408 4420 446 4472 Oi.
470 4422 484 4486 i
504 4425 534 4471 14
556 4421 630 4472 huius
652 4421 755 4486 Capitis.
822 4419 844 4489 ²)
862 4423 931 4473 Fast.
947 4424 1008 4489 Cap.
1026 4425 1052 4474 h.
1070 4440 1107 4485 ως
1131 4425 1183 4477 Cic.
1212 4424 1272 4477 Caro
1295 4429 1411 4493 4§lt;

335 4506 459 4568 cesion,
477 4506 530 4557 An.
548 4507 626 4568 Nor.;
643 4508 713 4557 Fast.
729 4507 782 4559 Sic.
836 4496 859 4564 ⁵)
875 4500 928 4558 (lic.
948 4506 1007 4558 Cato
1025 4515 1040 4558 4
1060 4512 1075 4573 ς
1095 4515 1134 4560 tl.
