3154 5294
288 485 316 531 n.
338 482 440 527 rossus
460 484 488 527 c.
513 482 540 525 r.
561 480 592 525 rr.
614 481 642 526 rr.
662 444 771 527 rrcron
787 462 861 548 (27).
882 463 904 546 ς
925 465 954 528 4.
976 482 1103 529 scurrus.
1177 468 1232 530 151

161 662 258 728 sius¹
302 683 429 727 necnon
459 658 684 726 Lachmannus
711 669 742 739 ²,
771 662 829 751 qui
849 661 932 727 inter
954 673 1093 752 quatuor
1113 662 1229 729 Fabios

160 773 301 839 Pictones
325 775 497 840 Fabiorum
526 773 704 863 fragmenta
733 772 961 840 distributurus
983 786 1059 842 erat.
1106 775 1225 840 Bthr⁸

162 909 300 952 errorem
320 886 496 978 perspexit,
519 908 645 952 necnon
663 886 736 966 olii,
760 887 897 978 denique
917 887 1140 956 difficultatem
1159 911 1228 954 sus-

163 999 237 1064 tulit
267 999 413 1065 llertsius
441 1010 453 1049 ⁸
484 1021 667 1090 proponens
694 1021 754 1091 pro
782 1023 954 1066 immersus
984 1000 1071 1092 opud
1100 1000 1230 1067 Cicero·

163 1135 235 1187 nem
251 1112 426 1179 rescribere
440 1117 558 1179 nostri.
601 1113 685 1178 Huic
702 1111 846 1203 opinioni
862 1114 1005 1180 assentiri
1022 1138 1087 1181 non
1099 1113 1228 1179 dubita·

163 1248 246 1305 rem,
279 1226 374 1292 docet
399 1227 483 1293 enim
509 1224 755 1317 palaeographia
779 1240 793 1277 ⁵
817 1209 872 1293 n‘il
893 1239 962 1293 tum
981 1237 1132 1293 nostrum
1158 1238 1227 1292 tum

163 1363 332 1405 numerum
351 1339 541 1430 significare,
565 1338 620 1404 sed
641 1338 817 1430 simplicior
836 1339 962 1405 ridetur
982 1353 1014 1407 et
1034 1339 1148 1406 melior
1166 1339 1228 1405 aliu

47 1467 51 1477 ’
162 1454 260 1532 ratio,
278 1476 375 1543 quern
391 1453 559 1545 proposuit
570 1451 729 1518 Dedericlr
741 1462 765 1531 ⁸,
776 1465 811 1517 ut
821 1474 879 1543 pro
891 1454 1076 1515 innumerum
1087 1452 1228 1543 legamus

161 1568 354 1649 simeonis,
379 1567 423 1632 itu
444 1579 479 1632 ut
498 1565 635 1651 Quintus
659 1565 791 1632 omnino
810 1565 1011 1653 intelligutur
1032 1564 1086 1630 sed
1109 1588 1225 1632 nomen

162 1679 345 1759 reticeatur,
362 1701 423 1745 nee
439 1678 590 1747 obhorret
609 1681 668 1744 istu
688 1678 848 1770 porticula
867 1678 908 1742 ab
930 1677 992 1744 lroc
1013 1678 1085 1744 loco
1106 1700 1165 1745 nec
1184 1679 1246 1771 eb,

164 1814 221 1858 usu
245 1791 410 1871 Tulliano,
430 1793 455 1858 si
475 1793 554 1884 quid
577 1792 678 1860 rideo.

570 1977 587 2060 §
609 1978 638 2042 4.
684 1974 857 2042 Nummus.

197 2131 380 2198 0Virlesmus
395 2131 435 2199 de
455 2131 585 2198 denario
601 2143 633 2212 ⁷,
654 2153 752 2223 quem
773 2130 917 2197 Goltzius
937 2131 1076 2220 vulgarit
1096 2131 1136 2197 od
1159 2131 1230 2199 Nu·

168 2244 255 2310 merli
274 2246 374 2311 nostri
393 2244 603 2336 triumphum.

207 2355 312 2449 Caput
334 2357 468 2435 Dionae,
486 2378 581 2445 supro
600 2354 690 2421 cuius
706 2354 846 2420 frontem
862 2374 1008 2420 crescens
1024 2354 1116 2434 lurra,
1135 2377 1229 2446 supra

167 2465 334 2533 humerum
354 2466 479 2533 laevum
499 2487 591 2531 orcus
609 2478 641 2531 et
659 2464 822 2554 pheretro3
845 2488 930 2556 pone
947 2465 1104 2534 ROMA.

207 2580 383 2649 Numerius
407 2578 564 2646 Melus
593 2575 629 2646 C.
652 2577 694 2644 F.
714 2574 919 2655 ,Ptolom
942 2577 1074 2643 victoria
1096 2578 1129 2644 in
1150 2601 1230 2669 que·

168 2691 279 2783 drigis,
300 2691 409 2758 dextra
429 2693 573 2782 flagrum.

212 2806 275 2871 llic
303 2828 432 2896 quoque
462 2805 579 2872 Goluti
610 2802 695 2869 fraus
719 2803 753 2870 iu
775 2792 866 2871 devio
896 2802 1029 2869 obduxit
1056 2806 1232 2871 numisma·

168 2918 255 2984 ticos.
304 2918 446 2984 Vnillant
464 2930 550 2984 recte
569 2916 746 2982 observavit
766 2929 881 3006 typum
901 2916 993 2983 illurn
1010 2938 1076 2983 non
1091 2919 1233 2983 indicare

170 3029 383 3122 triumphum,
416 3043 463 3096 est
492 3031 576 3096 enim
606 3029 731 3094 nonnisi
761 3042 837 3094 nota
869 3028 1007 3108 denarii,
1037 3031 1090 3095 eui
1116 3053 1233 3096 nomen

167 3144 388 3234 quadrigatus,
420 3156 455 3208 ut
484 3143 607 3209 Plinius
628 3155 640 3193 θ
673 3141 785 3222 docet,
804 3144 894 3209 cuius
916 3143 1087 3210 testimonii
1105 3143 1232 3233 ignarus

166 3254 205 3320 de
225 3256 389 3347 triumpho
410 3257 549 3347 cogitare
570 3254 703 3321 iubebat
720 3258 847 3322 nummi
866 3270 986 3324 auctor.
1042 3258 1086 3323 Ut
1106 3258 1231 3347 aliqun-

167 3381 259 3436 tenus
286 3393 360 3437 eum
387 3371 578 3462 explicaret,
610 3368 751 3436 Vaillont
776 3370 896 3437 Ilionae
917 3382 1013 3461 caput
1033 3381 1065 3436 et
1085 3391 1231 3436 crescen-

168 3495 230 3549 tem
259 3484 368 3549 luuam
396 3483 508 3550 aedem
535 3481 631 3548 huius
657 3482 734 3549 deae
754 3485 862 3549 nescio
882 3506 1015 3574 quomo
1038 3483 1139 3549 Fabio
1161 3484 1231 3575 pic·

169 3608 232 3663 tam
261 3597 404 3664 indicare
430 3597 583 3677 coniecit3
615 3609 648 3662 at
672 3597 741 3663 iure
766 3597 899 3663 offendit
923 3597 1004 3663 illud
1029 3596 1234 3676 Morellium,

168 3712 222 3800 qui
249 3711 364 3778 melius
388 3711 428 3776 de
452 3734 491 3777 eo
509 3711 679 3776 meriturus
699 3722 795 3801 caput
814 3711 925 3777 retulit
943 3710 982 3774 ad
1002 3709 1096 3774 ludos
1119 3730 1230 3775 soecu-

169 3822 259 3904 lsres,
280 3847 346 3915 quo
357 3825 474 3890 Fabius
483 3825 661 3915 praetorius
672 3823 882 3904 indiscretum
897 3822 950 3890 sed
963 3823 1003 3889 de
1015 3823 1064 3888 his
1075 3823 1118 3888 nil
1130 3822 1227 3912 quid·

168 3961 262 4026 quam
281 3938 438 4018 innotuit,
461 3937 631 4003 reddamus
649 3937 756 4026 potins
777 3936 902 4003 Goltzio
922 3938 1066 4027 spurium
1086 3959 1189 4002 suurn.

194 4158 215 4227 ι)
236 4157 287 4211 Vn.
300 4140 329 4208 'o
339 4160 436 4224 frepus
453 4158 509 4209 sss.
526 4156 597 4208 nom.
616 4162 658 4208 sn.
719 4152 740 4220 η
758 4158 797 4205 ns
807 4157 877 4220 sons.
895 4153 948 4208 uu.
966 4158 1003 4208 11.
1026 4161 1065 4209 rs.
1127 4155 1147 4219 ὅ)
1165 4156 1235 4209 non

163 4241 220 4295 Iis.
240 4243 326 4298 Gesct.
344 4245 380 4293 11.
399 4250 438 4294 14.
491 4241 512 4308 4)
531 4240 692 4292 Philoteris.
709 4237 811 4304 Sernfz.
827 4246 869 4291 ³2.
930 4239 950 4306 ⁵)
968 4242 1104 4303 chaenone,
1123 4241 1180 4293 dict.
1195 4243 1236 4292 des

163 4329 238 4380 alren.
257 4329 290 4379 du
307 4345 388 4395 moyen
404 4326 447 4393 cipe
465 4342 490 4393 p.
509 4331 550 4376 55.
569 4344 594 4377 v.
615 4332 655 4377 tu.
707 4323 728 4391 ⁶)
746 4324 838 4391 Proqr.
855 4341 931 4391 pyren.
948 4325 1050 4377 E'mmer.
1072 4333 1149 4389 1852,
1167 4344 1191 4394 p.
1212 4334 1236 4377 5.

163 4410 182 4482 ⁷)
198 4416 276 4468 Vaut.
293 4415 343 4467 ΝΘ.
363 4419 410 4475 um
427 4414 494 4464 Mor.
512 4411 588 4465 xvi.
607 4419 631 4462 4.
684 4411 705 4479 ⁸)
724 4412 755 4461 [J.
770 4408 807 4461 N.
826 4409 959 4462 XXXIII.
981 4417 1020 4462 rs.

619 4577 807 4591 m
