3210 5300
577 461 598 545 d
619 464 648 524 8.
669 480 813 526 nrcraron
833 463 901 526 537.
1218 460 1278 526 317

215 656 390 724 Hannibali
417 681 480 725 non
510 658 689 738 restitisset3
722 659 828 725 statim
856 656 976 749 Urbem
1005 656 1122 723 muniri
1141 656 1275 735 iussin,

213 792 321 837 muros
343 783 509 863 turresque
528 771 662 851 firmari,
685 771 838 862 praesidia
857 770 997 862 disponi,
1020 793 1193 860 omnesque
1211 771 1274 835 llu-

213 885 338 951 minum
368 897 480 975 pontes
508 898 634 975 praeter
662 908 763 951 unum
786 884 941 962 rescindi,
965 883 1052 974 quod
1073 905 1138 949 non
1160 883 1276 949 frustra

214 996 305 1077 lecit,
329 1020 404 1064 nam
424 998 587 1065 Hannibal
609 984 708 1089 quum
730 998 823 1064 Naris
843 1010 976 1089 pontem
998 996 1156 1064 deiectum
1177 995 1275 1063 vidis·

213 1122 276 1188 set,
300 1111 333 1176 in
361 1112 513 1178 Picenum
540 1111 687 1191 deflexit3
712 1123 780 1178 tum
801 1110 935 1177 Servilio
954 1110 1119 1200 imperarit
1137 1109 1274 1176 Romam

214 1222 386 1289 exercitum
407 1224 575 1303 reducere,
596 1226 647 1289 cui
669 1226 719 1291 ria
739 1224 896 1291 Flaminia
915 1234 928 1273 ²
950 1224 1111 1313 proiectus
1130 1220 1274 1289 Ocriculi

214 1334 339 1400 obviarn
366 1336 470 1415 venit,
494 1338 550 1402 ubi
574 1338 680 1428 copias
700 1339 768 1403 eius
786 1337 940 1428 suscepit,
962 1336 1192 1426 consulemque
1213 1332 1274 1400 Os·

211 1447 287 1513 tiam
310 1447 413 1527 misit,
438 1450 495 1539 qui
513 1451 681 1541 completis
699 1450 834 1516 naribus
852 1473 936 1516 noro
957 1448 1059 1515 milite
1076 1448 1158 1514 inter
1175 1470 1272 1538 quem

212 1559 372 1640 libertini,
397 1561 514 1652 quibus
534 1564 627 1630 liberi
646 1576 767 1644 essent,
790 1563 930 1630 hostium
949 1562 1079 1628 classem
1100 1583 1273 1653 perseque-

211 1684 298 1738 retur
320 1685 352 1739 et
373 1674 484 1743 ltaliae
505 1699 558 1743 ora
577 1689 743 1744 tutaretur.

255 1784 360 1852 Noras
377 1787 516 1877 legiones
532 1791 653 1856 interea
669 1790 786 1857 Fabius
803 1789 984 1880 scripserat,
1000 1788 1077 1854 dues
1095 1786 1271 1854 secundum

212 1896 338 1964 Livium
361 1909 390 1978 ³,
415 1914 553 1992 quatuor
573 1916 608 1969 ut
627 1903 777 1991 Polybius
799 1915 812 1954 ⁴
836 1901 947 1981 tradit;
971 1913 1078 1967 utrum
1099 1923 1209 1967 rerum
1231 1901 1271 1966 sit

209 2011 336 2092 nescio;
360 2026 498 2103 quatuor
517 2014 663 2095 fuerunt,
686 2017 813 2107 opinor,
836 2025 1005 2106 postquam
1029 2013 1155 2079 Servilii
1170 2013 1271 2103 legio·

210 2145 266 2189 nes
295 2148 327 2190 se
356 2148 430 2193 cum
461 2128 602 2194 Fabiano
628 2128 767 2194 exercitu
782 2127 975 2192 iunxissem.
1023 2124 1187 2217 Quidquid
1207 2138 1271 2204 est,

210 2233 352 2303 Ocriculi
383 2252 604 2307 convenerunt
629 2241 679 2306 illi
708 2240 881 2319 exercitus,
916 2250 951 2303 ut
984 2237 1127 2304 Lirius⁵
1157 2236 1267 2319 tradit;

210 2350 371 2438 Appianus
391 2366 496 2420 autem
516 2355 564 2419 nil
582 2353 671 2419 addit
692 2353 838 2433 deloco,
859 2350 945 2442 quod
966 2349 1050 2442 apud
1070 2373 1142 2418 eum
1161 2350 1270 2416 Haalr-

208 2459 280 2527 hius
307 2463 421 2553 legisse
450 2465 615 2546 credebat,
648 2466 801 2554 Polybius
829 2477 841 2516 θ
872 2487 944 2530 rero
965 2476 1071 2529 narrat
1093 2463 1190 2542 illud,
1214 2464 1270 2529 nbi

207 2574 269 2639 iam
300 2574 507 2667 descripserat
537 2591 550 2629 ⁷
570 2577 661 2642 Fabii
690 2575 942 2665 Hannibalisqne
966 2574 1026 2640 iter
1043 2575 1076 2638 iu
1099 2573 1268 2664 Apuliam,

208 2685 262 2752 sed
289 2686 365 2753 inde
395 2690 525 2756 omnino
554 2713 619 2755 non
649 2689 793 2780 sequitur
822 2688 976 2754 exercitus
1002 2686 1075 2752 illos
1095 2687 1130 2752 in
1154 2686 1267 2777 Apulia

207 2797 337 2865 demum
357 2823 389 2865 se
409 2800 564 2879 iunxisse,
588 2813 623 2866 ut
644 2801 729 2866 idem
751 2800 806 2865 ille
825 2823 862 2865 er
882 2798 931 2864 his
951 2798 1030 2864 locis
1050 2796 1194 2876 deduxit,
1218 2800 1270 2864 cui

208 2911 353 3002 opinioni
374 2914 478 2979 obstat
498 2926 603 2980 totum
623 2913 833 3004 expeditionis
851 2913 920 2978 iter.

251 3026 412 3093 Hannibal
424 3048 555 3118 nempe,
566 3038 601 3091 ut
612 3025 709 3092 modo
720 3027 881 3106 dicebam,
891 3024 1060 3116 Spoletum
1074 3025 1203 3091 missurn
1220 3024 1269 3090 fe·

206 3142 265 3221 cit,
285 3153 363 3215 lunc
380 3161 489 3229 agrum
508 3139 660 3206 Picenum
679 3152 886 3231 transgressus
901 3151 949 3206 est
964 3151 996 3205 et
1013 3139 1269 3216 Praetusianum,

208 3254 263 3347 qui
294 3253 447 3319 Asculum
477 3264 509 3318 et
536 3252 689 3319 Hadriam
710 3254 895 3331 interiacet,
918 3250 1034 3317 deinde
1055 3250 1193 3344 Hadriae
1213 3250 1270 3315 ali-

208 3366 393 3457 quantisper
415 3364 502 3455 degit
525 3365 670 3431 reficiens
693 3365 831 3432 militum
846 3387 977 3454 corpora
993 3385 1118 3429 necnon
1134 3385 1233 3453 equos
1244 3372 1269 3430 ⁸.

204 3482 330 3545 Interea
358 3480 463 3570 potuit
493 3477 643 3545 Servilius
676 3479 819 3545 Arimino
847 3477 969 3556 redire,
1002 3476 1079 3542 dum
1108 3476 1268 3543 Hannibal

205 3592 239 3656 in
266 3593 384 3660 Piceno
412 3592 557 3684 degeret,
590 3593 647 3683 qui
676 3616 774 3683 quum
796 3615 903 3659 versus
921 3589 1085 3657 meridiem
1105 3600 1269 3679 pergeret,

205 3683 387 3772 dictatore
417 3707 555 3772 consulis
578 3706 678 3796 copiis
699 3706 850 3795 susceptis
872 3704 973 3770 Tibur
990 3704 1089 3794 petit,
1112 3714 1148 3768 ut
1165 3702 1269 3794 impe·

207 3816 309 3898 diret,
342 3820 374 3883 ni
405 3818 517 3899 fallor,
548 3819 719 3910 quominus
746 3819 871 3884 Poenus
900 3808 987 3883 trans
1014 3814 1148 3881 Sabinos
1167 3815 1269 3881 audax

206 3928 290 3996 forte
320 3931 491 4022 susciperet
518 3933 640 3999 lacinus
669 3931 801 4023 petendi
824 3931 969 3998 Romam.
1025 3928 1148 3995 Deinde
1177 3951 1270 4020 pera·

206 4053 275 4130 gret
294 4041 456 4108 Hannibal
477 4055 572 4133 atque
584 4043 732 4111 ‚devastat
752 4041 899 4134 Apuliam
919 4041 1076 4133 petiturus
1096 4041 1152 4116 ciro
1174 4049 1269 4123 Map-

203 4154 339 4236 pooxionv
368 4155 421 4220 uel
451 4154 622 4236 Φρεντάνην
650 4159 774 4239 χώραν,
810 4168 847 4221 ut
876 4155 1029 4244 Polybius
1060 4165 1089 4205 ¹⁰
1125 4153 1267 4244 scripsit,

233 4351 253 4416 1)
271 4354 327 4404 mv.
345 4352 732 4414 rememoremini.
783 4353 804 4422 2)
822 4356 880 4406 niv.
894 4354 985 4405 xxrr.
998 4358 1037 4404 ιι.
1090 4349 1111 4418 ⁸)
1128 4353 1220 4403 xxrr.
1233 4358 1274 4402 rr.

142 4488 145 4494 .
196 4435 218 4501 ⁴>
237 4437 287 4486 111.
312 4439 421 4501 secr.
474 4434 605 4504 ⁵lxxn.
625 4443 664 4488 11.
716 4438 807 4507 ⁶)111.
827 4440 930 4505 cept.
983 4435 1272 4505 ⁷)111.so‚or,ee.

196 4520 219 4590 ⁸)
237 4521 329 4587 Polyb·
336 4524 387 4577 111.
398 4526 430 4574 87
441 4523 453 4588 i
464 4528 487 4586 2,
498 4528 528 4583 33
541 4523 599 4577 Lis.
608 4522 699 4578 XXII.
710 4531 735 4577 8.
778 4523 798 4594 ⁹)
815 4527 873 4581 Lir.
883 4523 974 4578 XXII.
987 4528 1030 4588 11,
1046 4529 1086 4576 12.
1121 4521 1154 4592 ¹⁰)
1168 4524 1222 4577 111.
1232 4526 1274 4573 88.
