3154 5294
456 452 477 534 ς
497 453 526 515 8.
547 470 626 515 rami
646 469 721 516 arun
740 471 898 518 nrunaunrr.
1173 458 1215 522 97

146 660 229 715 totus
256 660 305 714 est
333 647 368 715 in
398 647 616 727 aedificando,
648 648 738 714 cuius
763 647 884 715 tribuni
904 650 938 715 in
957 652 1007 717 ius
1025 666 1137 720 vocent
1159 654 1209 720 le·

142 773 266 852 gutum,
296 762 387 827 euius
416 760 510 828 unius
538 762 632 851 culpa
657 758 779 827 seilicet
804 760 910 828 clades
934 763 1114 844 accidisset3
1138 789 1202 833 non

142 886 317 964 potuerunt
335 875 473 965 cogitare
489 875 529 941 de
543 875 612 941 inre
630 874 754 941 barbati
774 874 910 941 Romani
930 877 986 943 iilo
1006 900 1104 957 annu,
1128 902 1204 970 prae

141 987 257 1078 gaudio
288 987 373 1078 quod
404 1011 467 1054 nou
494 1000 597 1055 totum
617 1011 709 1054 sunm
731 1010 848 1054 nomeu
868 1003 949 1056 esset
967 989 1125 1071 deletum,
1149 991 1205 1057 sed

140 1101 201 1191 ipsi
220 1101 332 1169 saltem
352 1101 522 1168 evasissent
541 1102 663 1168 etiamsi
682 1102 825 1169 redemti.
881 1103 1040 1172 Ultimum
1064 1104 1204 1195 denique

142 1212 273 1279 accedat
306 1227 527 1303 argumentum
561 1214 661 1281 levius
699 1214 845 1294 fortasse,
888 1216 975 1306 quud
1014 1219 1203 1308 necopinato

141 1338 243 1392 morte
275 1350 460 1418 oppressum
491 1328 627 1394 dixerint
654 1326 807 1407 Fabium,
830 1350 926 1419 quem
951 1352 1014 1395 nun
1037 1332 1106 1398 ausi
1130 1345 1205 1397 suut

143 1439 265 1506 tradere
287 1438 471 1507 demnatum
491 1464 574 1521 ease,
597 1441 717 1533 quippe
733 1441 789 1532 qui
806 1441 1002 1532 reipublicae
1018 1444 1205 1535 praefuisset

143 1553 321 1621 tristissimo
344 1553 401 1620 illu
424 1578 519 1622 annu.

399 1738 417 1823 §
443 1739 473 1803 8.
519 1734 622 1802 Fabii
641 1737 736 1828 apud
755 1736 949 1804 Diodorum.

186 1893 275 1960 Inter
312 1893 454 1959 tribunus
488 1895 564 1959 anui
592 1897 656 1960 367
691 1892 777 1984 apud
808 1895 984 1963 Diodorum
1016 1895 1161 1963 Siculum
1193 1911 1202 1949 ¹

145 2005 278 2091 Quintus
306 2007 423 2074 Fabius
452 2006 583 2097 quidam
613 2020 824 2088 merneratnr,
853 2031 949 2099 quem
980 2010 1048 2075 unii
1077 2010 1206 2078 credere

144 2120 279 2188 eundem
300 2133 444 2187 nostrum
465 2120 576 2199 fuisse,
598 2143 671 2185 nam
688 2119 772 2212 apud
790 2133 911 2186 ceteros
930 2122 1098 2211 scriptores
1115 2124 1206 2189 nulla

143 2234 209 2299 eius
239 2234 277 2298 fia
306 2234 441 2312 mentio,
474 2244 506 2298 et
532 2231 712 2324 discrepant
738 2232 887 2299 nonnihil
915 2232 1030 2299 horum
1060 2235 1207 2302 tribuno·

145 2369 212 2413 rum
243 2347 373 2412 numina
399 2345 440 2411 ab
469 2345 524 2426 iis,
558 2368 639 2437 quae
669 2345 777 2412 Liuius
806 2358 819 2396 ²
853 2345 915 2412 huc
947 2370 1031 2413 anuo
1059 2348 1205 2426 tradidit,

145 2460 253 2549 itaque
277 2482 336 2550 pro
362 2457 461 2523 Fabia
488 2457 569 2523 alius
589 2479 706 2522 nomen
725 2457 785 2522 erit
804 2456 1057 2538 rescribendum,
1086 2458 1121 2525 L.
1143 2459 1206 2526 de·

142 2574 222 2639 milii
245 2572 432 2640 Mamercini
450 2571 573 2662 opinor.

187 2686 284 2751 Hunc
305 2697 411 2750 autem
436 2705 574 2750 errorem
593 2679 725 2746 Diodori
746 2681 959 2771 negligentiae
980 2680 1130 2772 equidem
1150 2686 1209 2750 tri·

144 2798 283 2878 buerim,
301 2798 391 2863 euius
404 2798 490 2863 iustis
501 2794 697 2861 Niebuhrius
714 2794 847 2862 nimium
859 2793 988 2876 tribuit3
1006 2795 1132 2887 siepost
1143 2795 1208 2864 Ur·

142 2911 213 2978 hem
242 2925 365 3003 captam
391 2934 448 3000 per
472 2909 611 3001 primum
637 2908 894 2998 quinquennium
922 2907 1006 2999 apud
1029 2908 1206 2978 Diodorum

142 3026 289 3094 eonsules
319 3025 414 3090 inisse
442 3024 593 3114 legimns,
625 3020 702 3087 dum
734 3021 815 3087 cirea
844 3020 923 3086 haee
945 3033 1086 3111 tempora
1106 3025 1205 3090 ceteri

141 3164 250 3208 omnes
270 3137 413 3205 tribunos
432 3137 571 3203 militum
592 3147 789 3214 memorant;
805 3134 971 3201 consulum
993 3134 1125 3202 istorum
1145 3161 1205 3202 no·

142 3255 226 3320 mina
245 3264 362 3318 temere
376 3250 509 3341 repetita
524 3260 597 3314 sunt
608 3271 644 3312 er
657 3247 808 3326 tribunis,
829 3248 885 3338 qui
895 3247 1025 3313 fuerunt
1038 3271 1095 3338 per
1108 3251 1204 3339 quin·

141 3392 202 3459 qne
223 3389 323 3432 annos
342 3377 416 3431 anta
442 3362 563 3431 Urbem
592 3375 728 3452 captam.
774 3360 863 3428 Inter
890 3360 948 3426 hos
967 3360 1058 3435 Γάϊος
1084 3361 1202 3442 Φάβιος

144 3504 179 3546 er
204 3502 289 3545 anuo
314 3481 379 3544 364
404 3476 467 3543 hue
490 3476 638 3567 migrarit
664 3487 688 3541 ³.

186 3594 269 3658 Tum
299 3614 382 3657 anno
414 3595 479 3657 374
513 3602 585 3657 outo
616 3589 761 3656 tribunes
787 3602 942 3656 memorat
964 3597 993 3669 ⁴,
1018 3590 1101 3657 iuter
1124 3612 1204 3680 quos

141 3707 259 3786 Φάβιον
286 3704 431 3786 Μάρκον,
465 3704 519 3769 ubi
545 3714 738 3770 sextantum
759 3703 848 3769 loeus
869 3716 916 3770 est
936 3726 1041 3794 neque
1061 3704 1101 3770 de
1125 3726 1203 3769 eeu·

140 3819 263 3885 auribus
297 3817 436 3906 cogitare
463 3817 555 3896 linet3
588 3816 728 3915 Diodoro
758 3815 845 3882 hune
876 3817 987 3882 saltem
1016 3816 1202 3899 reddamus,

140 3932 197 4023 qui
222 3954 259 3996 er
282 3929 499 4022 praecedentis
518 3929 594 3995 anni
624 3929 712 3994 fastis
736 3929 820 3995 male
839 3928 904 3995 hue
921 3929 1037 4020 pedem
1057 3929 1202 3996 intulisse

142 4046 277 4113 uidetur.

186 4158 285 4224 Miror
323 4155 439 4225 deinde
474 4157 522 4223 vei
557 4156 742 4223 novissimos
776 4156 905 4223 Diodori
936 4154 1073 4223 editores
1100 4180 1203 4247 aequo

142 4270 247 4336 animo
280 4268 390 4336 tulisse
418 4275 437 4338 7
469 4269 669 4335 tribunorum
700 4270 831 4335 nomina
860 4269 936 4335 anni
964 4271 1028 4336 365
1060 4285 1090 4349 ⁶,
1119 4293 1202 4362 quae

173 4525 191 4596 ¹)
208 4527 269 4582 xv.
288 4535 330 4580 24.
399 4525 421 4595 a)
437 4529 487 4580 v1.
505 4532 529 4578 a.
591 4525 612 4596 a
628 4527 690 4580 xv.
710 4533 752 4580 20.
818 4525 839 4596 ⁴)
857 4527 920 4580 xv.
938 4532 980 4579 aa.
1052 4525 1072 4593 ὅ)
1090 4527 1151 4582 xv,
1170 4532 1212 4578 aa.

1051 4613 1070 4672 7
