3190 5304
346 427 405 488 428
529 448 557 497 o.
579 444 681 490 aratos
703 446 729 495 o.
752 446 780 488 r.
803 444 831 494 o.
855 444 884 487 a.
905 444 1035 488 urxruos
1059 444 1152 489 srael
1172 428 1247 510 (55).

350 624 417 688 nati
446 634 519 687 sunt
545 624 667 714 pellere
690 623 882 689 adversarios
902 646 939 689 ex
960 622 1019 687 hac
1042 624 1139 704 urbe;
1162 637 1234 715 post
1254 624 1333 691 haec
1352 637 1423 692 tan·

350 734 422 800 dem
455 733 569 800 Caesar
597 734 780 801 Cordubam
807 758 839 800 se
863 735 1001 800 contulit
1020 747 1052 800 et
1074 735 1210 802 Fabium
1230 737 1361 827 reliquit
1378 740 1419 804 ad

349 847 503 937 oppidum
531 848 795 939 oppugnandum,
826 870 901 937 ergo
922 846 1004 913 duce
1023 848 1123 913 Fabio
1145 872 1209 914 non
1231 850 1416 917 acciderunt

347 960 422 1039 ista,
455 972 565 1027 contra
596 962 744 1052 operibus
785 960 896 1026 urbem
926 962 1170 1027 circumclusam
1190 986 1262 1028 mor
1282 985 1417 1054 recupe-

347 1073 427 1138 rarit
446 1085 478 1138 et
501 1073 743 1163 quatuordecim
764 1074 866 1139 millia
885 1075 1082 1164 captivorum
1103 1075 1196 1164 cepit.

393 1182 506 1251 Caesar
516 1186 647 1277 reliquit
658 1186 843 1275 Hispaniam
866 1200 1049 1266 cruentam,
1069 1200 1101 1252 et
1118 1187 1225 1254 medio
1243 1189 1417 1279 septembri

346 1297 408 1363 iam
425 1278 459 1364 in
475 1298 567 1364 ltalia
588 1311 672 1379 erat;
694 1299 811 1365 Fabius
828 1312 938 1366 contra
951 1292 1071 1366 diutius
1084 1301 1170 1391 degit
1185 1303 1218 1367 in
1234 1303 1416 1393 provincia,

345 1410 412 1475 eius
436 1411 617 1504 triumphus
637 1413 722 1478 enim
741 1413 840 1504 paulo
859 1424 932 1504 post
952 1412 1082 1478 accidit:

391 1608 420 1664 o.
440 1607 572 1655 ruerus
588 1609 618 1665 o.
638 1609 666 1658 a.
687 1610 717 1666 o.
735 1610 770 1657 Ν.
787 1609 955 1657 MAXIMUS
971 1608 1041 1658 coe.
1162 1610 1220 1658 Ant
1239 1598 1367 1660 nauita.

574 1693 814 1740 ereremum
1088 1693 1235 1741 rrrrnos
1252 1697 1366 1745 orror.

394 1855 495 1920 Huius
524 1855 678 1947 triumphi
705 1879 823 1946 pompa
858 1855 1044 1922 Caesariana
1068 1857 1162 1945 longe
1184 1857 1317 1924 inferior
1335 1859 1413 1936 fuit,

344 1989 404 2033 nee
420 1968 536 2034 mirum
555 1968 680 2049 hercle,
705 1992 777 2034 nam
803 1992 884 2058 quae
907 1968 1022 2035 Caesar
1041 1972 1074 2034 iu
1092 1968 1180 2034 hunc
1196 1971 1413 2061 impenderat,

344 2079 465 2170 legatus
495 2101 560 2143 non
588 2090 715 2168 poterat
745 2077 965 2168 suppeditare,
989 2101 1049 2144 nec
1070 2102 1149 2169 opus
1172 2093 1248 2146 erat.
1297 2082 1413 2148 Possu-

341 2215 412 2258 mus
433 2191 525 2256 nobis
544 2193 681 2282 speciem
714 2189 808 2255 huius
838 2190 994 2281 triumphi
1019 2192 1052 2258 in
1083 2192 1223 2259 animum
1246 2193 1412 2274 inducere,

343 2305 369 2383 si
393 2306 569 2393 cogitemus
592 2304 798 2396 oppidorum,
824 2305 957 2394 quaein
980 2304 1132 2394 Hispania
1154 2306 1327 2387 dericerat,
1352 2333 1413 2374 no·

341 2417 427 2482 mina
449 2439 514 2482 non
536 2430 660 2483 tantum
679 2440 745 2483 esse
764 2416 879 2497 ducta,
903 2418 985 2483 sicut
1007 2419 1080 2485 olim
1103 2419 1173 2485 fieri
1191 2421 1330 2501 solebat,
1356 2446 1411 2488 re·

343 2552 413 2595 rum
451 2530 634 2596 ferebantur
671 2543 749 2595 tunc
787 2531 914 2596 urbium
949 2531 1117 2598 simulacra
1148 2535 1220 2598 satis
1251 2536 1415 2625 eleganter

342 2642 439 2722 facta,
473 2645 557 2708 inter
587 2666 668 2733 quae
686 2643 814 2712 ‚eborea
845 2645 993 2723 luerunt;
1025 2658 1263 2737 contraquam
1291 2649 1411 2715 Fabius

339 2754 438 2846 paulo
466 2766 538 2845 post
565 2753 804 2844 triumphabat,
835 2755 940 2844 lignea
961 2754 1051 2820 duxit
1073 2778 1179 2822 secum
1199 2759 1411 2848 negligentius

341 2868 426 2932 laeta
450 2879 478 2944 ¹,
501 2866 588 2931 unde
607 2866 746 2956 populus
766 2868 833 2933 eius
853 2866 1052 2957 triumphum
1073 2867 1231 2948 deriserit,
1252 2883 1285 2936 et
1303 2873 1410 2938 archi·

342 2990 451 3045 tecton
473 2976 602 3067 quidam
626 2978 823 3071 Chrysippus
843 2980 962 3045 urbane
984 3004 1035 3045 eas
1055 2982 1253 3070 lignothecas
1275 2986 1413 3076 oppido·

342 3113 412 3157 rum
441 3090 582 3157 Caesaris
609 3090 722 3158 dixerit
750 3107 775 3158 ².
822 3093 882 3158 Per
907 3106 968 3159 tres
994 3093 1061 3159 dies
1084 3095 1239 3163 durarunt
1258 3098 1411 3166 solemnia

340 3226 376 3269 er
398 3203 490 3269 Fabii
514 3202 669 3293 Pediique
693 3204 870 3294 triumphis.

385 3315 458 3383 Non
488 3317 594 3406 potuit
624 3329 732 3383 noster
760 3339 817 3407 per
845 3317 1134 3407 tresmagistratus
1158 3343 1281 3387 menses
1305 3324 1410 3391 multa

340 3431 464 3507 lacere,
499 3429 603 3494 omnia
630 3429 716 3494 enim
745 3452 803 3519 per
830 3428 994 3495 Caesarem
1022 3431 1160 3513 fiebant3
1189 3434 1313 3500 etiamsi
1333 3460 1409 3527 ergo

299 3566 301 3571 ’
339 3542 470 3609 nomine
492 3551 616 3607 tantum
636 3541 749 3607 consul
768 3541 881 3619 luerit,
907 3553 1011 3607 tamen
1033 3543 1087 3608 ille
1105 3545 1307 3634 magistratus
1327 3548 1410 3616 adeo

336 3656 370 3721 in
399 3654 519 3721 honore
549 3666 630 3734 crat,
664 3666 698 3720 ut
729 3677 830 3744 quum
858 3653 963 3746 pridie
992 3668 1065 3721 aute
1094 3657 1192 3722 finem
1221 3661 1406 3728 consulatus

337 3768 467 3835 Maximi
487 3791 572 3834 mors
593 3767 660 3833 eius
679 3769 713 3833 in
734 3765 855 3858 Campo
877 3782 957 3834 esset
979 3770 1143 3849 nuntiata,
1167 3782 1255 3837 tanta
1273 3773 1411 3843 istorum

338 3879 507 3948 homiuum
529 3880 661 3947 ambitio
683 3882 794 3959 luerit,
819 3894 854 3946 ut
877 3883 932 3972 qui
952 3882 1088 3948 comitiis
1108 3884 1235 3963 tributis
1252 3898 1332 3950 esset
1350 3910 1411 3952 an·

338 3995 476 4084 spicatas
503 3994 631 4072 consul,
663 3995 839 4060 centuriata
865 3994 1030 4077 habuerit,
1053 4009 1085 4061 et
1112 3996 1145 4064 C.
1170 3998 1322 4065 Caninius
1342 4001 1411 4077 Re,

337 4106 423 4175 bilus
448 4108 562 4183 statim¹
579 4108 689 4174 consul
714 4121 836 4174 creatus
861 4109 958 4175 luerit
983 4117 1021 4189 ³„

363 4308 723 4377 ¹)D10Caas.XL111.4s.
782 4311 802 4380 ²)
821 4312 964 4376 Quincti.
988 4312 1015 4364 0.
1034 4317 1083 4366 VI.
1101 4322 1125 4366 3.
1179 4314 1198 4382 ⁵)
1216 4317 1268 4370 Cic.
1293 4317 1327 4366 ad
1349 4318 1417 4378 snm·

329 4395 394 4532 ΞΠ.
413 4401 447 4446 30
467 4397 481 4459 ξ
502 4400 527 4455 lt
554 4396 628 4457 Pria,
640 4395 677 4450 Η.
696 4396 733 4450 Ν.
751 4400 814 4454 VII·
839 4404 884 4461 53;
907 4399 977 4453 Suet
1005 4396 1073 4451 Caes.
1092 4404 1146 4463 -76,
1169 4399 1239 4452 Naro
1263 4407 1306 4463 1⁵;
1331 4403 1417 4455 Tacit.

358 4476 397 4530 ist.
416 4480 469 4532 ΙΙΙ.
488 4480 529 4531 37.
