3212 5294
335 395 395 456 240
482 415 510 465 o.
533 413 635 457 clarus
655 412 686 458 n.
707 414 734 454 r.
756 411 784 454 n·
805 413 834 458 n.
855 413 986 456 urxruos
1008 413 1172 456 annutritus
1193 396 1268 480 (17).

337 591 446 682 pidem
466 590 631 670 ciderunt,
654 603 686 657 et
706 591 811 656 testati
831 603 905 656 sunt
925 614 989 690 npn
1010 592 1144 682 antiquo
1164 605 1306 684 tempore
1327 596 1407 661 titu-

337 705 405 770 lum
424 729 489 771 esse
508 687 747 778 eondituffitsed
772 669 905 794 Augusll
924 717 1038 782 aterum
1059 707 1153 795 olere.
1189 707 1238 772 Ne
1256 731 1403 798 magnam
1429 727 1480 799 ’χει
1513 708 1595 817 χ

336 819 433 886 fidem
456 818 531 884 huic
550 818 724 884 habeamus
744 819 897 896 frustulo,
921 818 1008 909 quod
1029 819 1068 884 ad
1088 815 1309 887 illustrandam
1326 821 1403 887 bis·
1592 796 1601 821 i

335 934 448 999 toriam
469 933 516 998 nil
536 933 612 998 nori
630 934 734 1012 affert,
758 945 867 999 contra
888 955 925 997 er
946 933 1075 1000 historia
1095 947 1142 999 θεῖ
1158 935 1403 1026 explicandum,

335 1047 416 1112 sicut
437 1047 561 1112 nummi
581 1058 613 1111 et
635 1047 855 1137 inscriptiones
876 1045 988 1112 solent.
1024 1048 1052 1113 Α
1070 1047 1197 1112 falsario
1216 1047 1403 1113 crhistoria

334 1158 422 1224 hunc
443 1158 574 1223 titulum
596 1180 663 1224 esse
681 1158 856 1222 conflatum
875 1156 1065 1222 facillimum
1091 1157 1309 1224 demonstratu
1339 1173 1404 1240 θεῖς

335 1273 406 1363 quis
436 1295 553 1362 quaeso
582 1294 618 1336 er
649 1270 789 1335 Rulliani
815 1271 948 1360 posteris
983 1269 1042 1336 hoc
1077 1271 1264 1338 nobilissimi
1294 1274 1403 1362 proavi

335 1408 475 1451 summae
488 1384 705 1451 contumaciae
715 1384 945 1472 documentum
957 1384 1074 1450 confici
1086 1385 1245 1450 iussisset?
1272 1384 1346 1451 Non
1357 1387 1402 1451 sic

334 1497 482 1565 colebant
508 1498 646 1564 Romani
666 1520 817 1589 proavos,
849 1509 958 1563 contra
983 1499 1044 1563 seri
1065 1511 1196 1590 nepotes
1220 1500 1311 1565 Fabii
1331 1501 1401 1566 Ma-

333 1614 408 1679 ximi
425 1612 672 1702 inscripsissent,
690 1611 817 1702 opinor,
842 1610 1001 1678 honorum
1020 1612 1151 1690 seriem,
1174 1613 1259 1679 bella
1278 1615 1402 1704 egregie

333 1738 436 1818 gesta,
460 1724 570 1791 laudes
591 1724 794 1802 domesticas,
818 1723 956 1789 sednon
978 1725 1078 1805 istud,
1097 1726 1183 1815 quod
1200 1738 1403 1817 praepostere

334 1840 507 1933 lapidarius
534 1839 591 1905 ille
616 1838 747 1928 sculpsit
774 1860 811 1902 er
836 1836 985 1903 historiae
1009 1838 1143 1904 scientia
1166 1839 1403 1930 qualicunque;

331 1976 437 2044 neque
463 1977 521 2043 pro
550 1952 646 2017 titulo
675 1972 815 2042 pugnare
842 1951 979 2029 videtur,
1004 1951 1091 2041 quod
1112 1965 1158 2017 est
1178 1952 1269 2019 hicce
1288 1955 1401 2018 unicus

332 2068 437 2147 locus,
469 2068 525 2133 ubi
555 2065 726 2131 coniuncta
756 2065 907 2153 leguntur
930 2066 1120 2153 cognomina
1146 2066 1348 2132 »Ambustus
1369 2080 1401 2132 et

332 2181 516 2260 Maximus'',
535 2180 612 2245 dum
629 2178 715 2244 Fasti
734 2190 845 2243 contra
865 2176 984 2241 habent
1006 2177 1191 2243 »Maximus
1204 2177 1399 2265 Rullianusff'.

378 2293 428 2359 llb
449 2294 509 2359 hac
529 2293 678 2384 opinione
696 2313 747 2355 me
768 2314 832 2356 non
849 2290 980 2357 deducit
1000 2291 1114 2356 ΖθΙΙίἰ1
1137 2292 1305 2381 explicatio
1322 2314 1402 2358 con-

331 2406 490 2474 tendentis
512 2404 651 2494 elogium
671 2402 704 2467 in
725 2400 843 2492 Papirii
865 2400 1016 2466 honorem
1039 2424 1105 2467 esse
1128 2403 1287 2491 positum,
1312 2407 1400 2493 quod

332 2518 495 2611 quomodo
515 2518 594 2583 serio
614 2514 782 2593 defendat,
809 2513 958 2604 equidem
978 2536 1044 2579 non
1064 2513 1226 2603 intelligo,
1250 2539 1322 2580 narn
1353 2518 1400 2583 nil

330 2631 507 2723 quidquam
527 2629 656 2694 honoris
676 2640 731 2693 aut
749 2627 868 2716 gloriae
889 2626 964 2692 inde
985 2627 1019 2691 in
1042 2627 1204 2717 Papirium
1225 2629 1399 2710 redundet;

330 2746 493 2811 mittamus
531 2741 614 2806 hanc
650 2740 910 2830 explicationem,
949 2761 1012 2830 qua
1047 2740 1165 2821 frustra
1185 2744 1399 2832 ‚suppositum

330 2868 574 2924 monumentum
598 2852 759 2920 delendas.

664 3038 681 3120 §
708 3039 738 3101 4.
790 3033 914 3101 Consul
943 3038 967 3102 I.
992 3039 1066 3102 432.

505 3198 532 3261 o.
550 3195 650 3245 ruerus
669 3197 698 3243 u.
717 3196 741 3244 r.
760 3196 787 3244 u.
807 3196 834 3243 a.
853 3195 986 3244 ulxruos
1005 3197 1166 3247 nunnrrucs
1185 3196 1204 3247 ².

425 3342 427 3346 μ
505 3283 530 3329 n.
549 3281 666 3329 scurrus
686 3281 711 3329 n.
730 3281 754 3328 r.
774 3282 799 3328 n.
819 3280 845 3330 u.
863 3280 979 3330 curvus,

372 3416 505 3482 Decimo
532 3440 616 3482 anno
643 3429 714 3506 post
742 3415 936 3482 aedilitatem
957 3417 1061 3506 primo
1080 3418 1249 3484 consulatu
1268 3419 1399 3487 lnnctus

325 3542 374 3596 θεῖ
403 3544 528 3610 noster,
553 3529 638 3595 haud
668 3531 710 3595 ita
732 3542 900 3620 provectus
922 3542 1043 3610 aetate,
1073 3555 1146 3598 nam
1167 3532 1218 3597 rel
1240 3537 1282 3598 27
1306 3537 1398 3601 annis

326 3656 398 3735 post
422 3644 532 3711 eodem
553 3643 673 3710 honore
695 3643 824 3708 functus
846 3654 905 3716 est;
931 3664 991 3708 nec
1013 3667 1086 3710 vero
1106 3644 1285 3735 urgendum
1310 3647 1399 3714 ride-

327 3772 379 3826 tur
409 3759 625 3824 Tullianum³
658 3756 797 3822 dictum:
834 3755 949 3846 »apud
980 3757 1125 3847 antiquos
1156 3758 1262 3839 Rulli,
1287 3760 1399 3843 Decii,

327 3872 457 3939 Corvini
468 3868 628 3961 multique
639 3871 693 3935 alii
711 3861 885 3936 admodum
900 3868 1117 3937 adolescentes
1130 3874 1273 3940 consules
1290 3874 1397 3955 lacti'',

326 3986 457 4052 sienim
479 3984 590 4050 consul
611 3983 673 4048 luit
694 3982 870 4049 admodum
885 3983 1093 4065 adolescens,
1118 4010 1181 4076 qua
1200 4010 1319 4078 quaeso
1343 4013 1397 4056 ae-

325 4111 390 4164 tate
410 4098 520 4165 aedilis
542 4099 651 4163 luisset
673 4095 797 4162 decimo
819 4120 901 4162 anno
920 4099 1016 4162 ante?

240 4411 242 4414 ,
353 4373 374 4439 1)
393 4371 464 4438 unq.
488 4370 559 4423 Rom.
583 4370 664 4438 min.
683 4389 707 4437 p.
726 4378 768 4423 35.
839 4371 859 4440 ε)
878 4373 936 4424 niv.
954 4375 1032 4424 mu.
1056 4378 1101 4433 38,
1125 4374 1192 4424 run.
1218 4373 1254 4425 Η.
1270 4375 1308 4428 Ν.
1334 4378 1399 4429 vu.

319 4465 367 4520 aa,
385 4458 509 4519 ousion,
528 4458 824 4519 An.u01·.;mst.sre.
896 4455 914 4526 ⁹)
933 4455 999 4508 Patr.
1018 4461 1052 4511 v.
1074 4464 1103 4509 ιε
1123 4460 1196 4525 pre.
