3212 5294
544 440 564 522 d
587 442 635 503 13.
657 458 798 503 nruraron
820 443 861 502 ll.
884 441 953 505 453.
1221 445 1282 508 267

212 648 374 727 tamquam
406 635 552 702 consules
579 635 727 715 luissent,
760 638 793 702 in
823 637 921 703 iustos
950 660 1022 705 suos
1046 639 1183 729 recepit3
1212 663 1277 705 uon

212 750 350 816 multum
378 760 487 815 tamen
515 748 590 815 huic
617 750 793 817 levissimae
818 752 1000 818 auctoritati
1028 752 1181 834 tribuam,
1211 776 1277 819 non

212 864 391 953 negaverim
415 886 478 929 non
500 863 670 929 abhorrere
691 888 708 929 a
729 877 929 955 posterorum
952 865 1146 956 arrogantia,
1169 866 1195 931 si
1215 866 1277 933 duo

213 978 262 1043 illi
281 977 428 1043 consules
448 989 573 1042 tantum
597 977 749 1057 fuissent,
777 991 874 1069 atque
897 992 1028 1070 propter
1051 1000 1156 1044 rerum
1177 990 1279 1068 gesta·

212 1112 284 1156 rum
305 1090 438 1180 gloriam
460 1090 597 1155 honores
616 1090 665 1156 illi
685 1091 718 1156 in
740 1092 913 1158 dictaturas
932 1092 1120 1170 crevissent,
1139 1092 1193 1158 sed
1214 1092 1279 1157 alio

213 1203 309 1269 modo
334 1202 422 1268 hunc
445 1203 554 1269 locum
577 1203 815 1270 administrabo.

257 1317 367 1382 Festos
389 1315 450 1380 hac
467 1317 500 1381 in
518 1339 552 1381 re
569 1339 632 1382 non
649 1340 781 1408 sequor,
797 1341 934 1409 quorum
952 1319 1172 1385 testimonium
1187 1319 1281 1407 equi·

214 1430 287 1496 dem
316 1453 381 1495 non
411 1430 492 1495 tanti
512 1431 617 1496 lacere
635 1453 781 1520 possum,
804 1444 915 1497 contra
937 1431 1102 1497 Lirianam
1121 1430 1280 1496 narratio·

215 1566 289 1610 nem
308 1543 440 1634 arripio,
454 1544 588 1634 simplex
605 1544 692 1609 illius
709 1543 841 1610 historia
853 1558 888 1610 ut
904 1545 1096 1636 plerumque
1107 1544 1187 1610 solet
1198 1543 1281 1609 reri·

216 1670 311 1723 tatem
335 1657 467 1747 propior
486 1672 541 1724 est.
577 1659 614 1722 ln
635 1656 718 1722 Livii
737 1657 881 1723 fontibus
903 1659 1028 1724 nonnisi
1047 1658 1193 1750 quaestio
1214 1668 1283 1722 erat

214 1769 255 1837 de
272 1771 455 1860 magistratu
476 1770 638 1860 equitum,
663 1770 702 1835 de
722 1792 786 1860 quo
801 1784 933 1862 propter
948 1772 1078 1838 Liviana
1096 1780 1282 1860 argumenta

215 1882 355 1947 dubitari
380 1882 507 1971 nequit;
535 1881 598 1946 iam
622 1903 679 1946 cur
704 1882 856 1948 veriorem
879 1906 946 1948 esse
968 1881 1134 1949 credamus
1155 1894 1280 1947 auctam

215 1996 331 2060 lamam
349 1994 540 2071 dictaturae,
562 1994 601 2059 de
622 2017 685 2084 qua
707 1994 817 2061 Lirius
838 2019 879 2061 ne
899 1996 1031 2062 verbum
1052 1993 1171 2060 babet?
1220 1993 1282 2059 Fa·

215 2108 276 2174 eile
311 2119 418 2173 tamen
452 2105 659 2195 intelligitur,
699 2105 783 2173 uude
818 2108 874 2172 ille
904 2106 1005 2181 honos
1034 2119 1126 2171 natus
1156 2107 1211 2184 sit,
1245 2130 1282 2172 er

214 2220 344 2287 Maximi
361 2221 567 2309 cognomine,
584 2241 648 2308 quo
665 2218 835 2284 Rullianus
853 2232 885 2285 et
898 2218 1043 2285 Valerius
1054 2231 1120 2284 erat
1141 2230 1282 2285 ornatus.

215 2333 362 2423 Denique
382 2332 499 2397 Valerii
530 2332 721 2397 dictaturam
747 2331 837 2397 illam
863 2332 941 2398 nolo
971 2331 1155 2422 explodere3
1179 2343 1283 2422 potest

216 2445 347 2537 quidem
373 2444 452 2511 baec
477 2467 606 2534 quoque
637 2444 767 2510 aliunde
793 2445 929 2535 repetita
957 2468 1040 2523 csse,
1066 2443 1154 2534 quod
1188 2444 1214 2508 si
1238 2444 1283 2508 ita

217 2573 282 2640 cst,
303 2558 508 2625 statuendum
529 2569 612 2624 esset
631 2556 718 2623 hunc
738 2580 859 2623 annum
878 2559 945 2625 sinc
965 2558 1149 2624 consulibus
1171 2557 1282 2635 luisse,

216 2674 247 2739 id
268 2686 315 2739 est
335 2673 397 2739 hoc
417 2673 490 2737 loco
510 2672 659 2737 lacunam
683 2672 716 2736 in
738 2670 869 2738 historia
894 2672 1038 2737 Romana
1061 2670 1203 2749 elucere,
1227 2670 1282 2736 sed

217 2787 361 2852 nondum
385 2785 490 2850 audeo
515 2785 715 2851 Valeriorum
743 2786 876 2873 gloriam
899 2786 931 2851 in
951 2785 1077 2851 brevius
1097 2783 1284 2850 contrahere

217 2914 272 2966 aut
292 2899 386 2965 huius
407 2898 526 2963 Valerii
546 2921 595 2964 res
614 2911 715 2987 gestas
736 2898 776 2963 ad
795 2899 899 2964 tilium
916 2897 1087 2966 retrahere.
1127 2897 1284 2964 Ultimum

217 3014 295 3080 illud
310 3014 384 3078 satis
395 3011 564 3103 probabile
583 3011 652 3077 lieri
672 3025 793 3102 posset,
810 3013 843 3077 ni
863 3013 969 3092 fallor,
987 3036 1060 3078 nam
1079 3012 1284 3078 consentiunt

220 3127 361 3193 historici
384 3140 392 3177 ¹
426 3148 498 3191 enm
523 3126 627 3216 primo
653 3127 821 3191 consulatu
847 3130 913 3194 406
935 3127 1082 3192 iunctum
1110 3148 1176 3190 esse
1200 3147 1285 3190 auno

219 3240 328 3306 aetatis
349 3244 413 3319 23,
430 3240 519 3328 atqui
538 3260 625 3303 nunc
645 3262 763 3304 annum
776 3263 869 3328 agens
887 3244 945 3317 70,
963 3239 1029 3303 imo
1042 3237 1154 3303 consul
1164 3249 1286 3303 sertum

221 3358 279 3432 72,
302 3365 429 3418 strenue
454 3374 504 3417 res
529 3351 672 3441 gessisset
695 3364 779 3417 totus
798 3353 829 3416 in
852 3352 964 3430 armis3
988 3364 1020 3417 at
1042 3363 1213 3441 utrumqne
1235 3350 1285 3415 os·

220 3467 337 3544 tendit,
354 3479 386 3532 et
403 3489 467 3556 quo
485 3466 583 3531 serior
598 3465 738 3556 primum
755 3467 900 3556 gessisset
917 3490 954 3532 eo
972 3466 1152 3556 provectior
1170 3465 1285 3530 ultimo

221 3579 421 3670 fungeretur3
456 3579 552 3645 facile
579 3579 706 3646 credam
737 3581 804 3645 eius
834 3580 937 3645 lilium
966 3591 1021 3644 aut
1051 3578 1093 3643 M.
1123 3577 1287 3642 Valerium

221 3694 419 3759 consularem
448 3698 531 3772 442,
555 3693 595 3758 de
614 3716 679 3783 quc
698 3693 806 3758 Lirins
828 3691 981 3758 hocloco
1001 3692 1165 3780 cogitarit,
1188 3691 1287 3757 intel·

220 3805 384 3894 ligendum
410 3828 491 3883 esse3
515 3804 569 3869 sed
591 3803 668 3868 baec
690 3803 801 3869 obiter.
848 3803 962 3893 Neque
982 3804 1158 3894 obloquar‚
1182 3803 1208 3869 si
1229 3827 1286 3893 ap-

220 3919 361 4010 paruerit
393 3917 553 3983 Valerium
583 3916 773 3981 dictatorern
802 3916 899 3982 luisse
937 3917 1156 3993 comitiorum,
1191 3915 1287 3981 ludo·

221 4055 309 4112 rum,
332 4044 387 4097 ant
407 4043 533 4097 senatus
554 4029 682 4120 legendi
702 4052 805 4095 causa.

266 4145 431 4212 Haalrbius
448 4144 550 4210 credit
570 4167 634 4210 non
657 4156 780 4210 tantum
801 4144 1028 4234 cognominum
1042 4142 1286 4212 similitudinem

223 4259 378 4336 effecisse,
413 4242 447 4323 ut
477 4257 648 4323 dictatores
676 4258 723 4323 illi
753 4271 972 4338 nascerentur,
1006 4281 1114 4325 rerum
1144 4256 1287 4324 Rulliani

252 4506 270 4575 Ι)
288 4508 346 4559 Ltv.
364 4510 427 4561 v11.
447 4512 494 4569 263
511 4508 571 4561 Val.
589 4509 660 4561 Max.
674 4511 751 4563 VIII.
774 4515 813 4561 15.
832 4514 861 4570 53
880 4509 982 4575 Eutrop.
1000 4510 1037 4561 11.
1056 4513 1081 4560 6.
