<?xml version="1.0" encoding="UTF-8"?>
<!DOCTYPE html PUBLIC "-//W3C//DTD XHTML 1.0 Transitional//EN"
    "http://www.w3.org/TR/xhtml1/DTD/xhtml1-transitional.dtd">
<html xmlns="http://www.w3.org/1999/xhtml" xml:lang="en" lang="en">
 <head>
  <title>
</title>
<meta http-equiv="Content-Type" content="text/html;charset=utf-8" />
  <meta name='ocr-system' content='tesseract 3.04.00' />
  <meta name='ocr-capabilities' content='ocr_page ocr_carea ocr_par ocr_line ocrx_word'/>
</head>
<body>
  <div class='ocr_page' id='page_1' title='image "./disputatiodegen00servgoog_0138.png"; bbox 0 0 3154 5294; ppageno 0'>
   <div class='ocr_carea' id='block_1_1' title="bbox 222 410 1231 494">
    <p class='ocr_par' dir='ltr' id='par_1_1' title="bbox 222 410 1231 494">
     <span class='ocr_line' id='line_1_1' title="bbox 222 410 1231 494; baseline 0.002 -19"><span class='ocrx_word' id='word_1_1' title='bbox 222 428 328 475; x_wconf 78' lang='lat' dir='ltr'><strong>rastas</strong></span> <span class='ocrx_word' id='word_1_2' title='bbox 339 428 370 473; x_wconf 84' lang='lat' dir='ltr'><strong>u.</strong></span> <span class='ocrx_word' id='word_1_3' title='bbox 381 428 408 473; x_wconf 86' lang='lat' dir='ltr'><strong>r.</strong></span> <span class='ocrx_word' id='word_1_4' title='bbox 420 427 448 472; x_wconf 84' lang='lat' dir='ltr'><strong>a.</strong></span> <span class='ocrx_word' id='word_1_5' title='bbox 461 428 489 474; x_wconf 85' lang='lat' dir='ltr'><strong>u.</strong></span> <span class='ocrx_word' id='word_1_6' title='bbox 500 424 653 473; x_wconf 79' lang='lat' dir='ltr'><strong>auousrtu</strong></span> <span class='ocrx_word' id='word_1_7' title='bbox 667 410 742 494; x_wconf 83' lang='lat'><strong>(2⁰).</strong></span> <span class='ocrx_word' id='word_1_8' title='bbox 762 411 813 494; x_wconf 76' lang='lat'><strong>§2</strong></span> <span class='ocrx_word' id='word_1_9' title='bbox 829 430 960 475; x_wconf 71' lang='lat' dir='ltr'><strong>saeuam</strong></span> <span class='ocrx_word' id='word_1_10' title='bbox 974 430 1131 474; x_wconf 74' lang='lat' dir='ltr'><strong>statinus.</strong></span> <span class='ocrx_word' id='word_1_11' title='bbox 1174 415 1231 477; x_wconf 73' lang='lat'><strong>12³</strong></span> 
     </span>
    </p>
   </div>
   <div class='ocr_carea' id='block_1_2' title="bbox 166 604 1228 811">
    <p class='ocr_par' dir='ltr' id='par_1_2' title="bbox 166 604 1228 811">
     <span class='ocr_line' id='line_1_2' title="bbox 166 604 1228 697; baseline 0.003 -26"><span class='ocrx_word' id='word_1_12' title='bbox 166 606 299 697; x_wconf 84' lang='lat' dir='ltr'><strong>spatium</strong></span> <span class='ocrx_word' id='word_1_13' title='bbox 332 608 372 671; x_wconf 84' lang='lat'><strong>14</strong></span> <span class='ocrx_word' id='word_1_14' title='bbox 400 624 557 672; x_wconf 85' lang='lat' dir='ltr'><strong>annorum</strong></span> <span class='ocrx_word' id='word_1_15' title='bbox 580 604 717 673; x_wconf 79' lang='lat' dir='ltr'><strong>solemni</strong></span> <span class='ocrx_word' id='word_1_16' title='bbox 734 606 832 697; x_wconf 85' lang='lat' dir='ltr'><strong>paulo</strong></span> <span class='ocrx_word' id='word_1_17' title='bbox 851 605 956 673; x_wconf 85' lang='lat' dir='ltr'><strong>minus</strong></span> <span class='ocrx_word' id='word_1_18' title='bbox 977 619 1034 673; x_wconf 88' lang='lat' dir='ltr'><strong>est.</strong></span> <span class='ocrx_word' id='word_1_19' title='bbox 1082 606 1146 674; x_wconf 89' lang='lat' dir='ltr'><strong>Sed</strong></span> <span class='ocrx_word' id='word_1_20' title='bbox 1166 607 1228 675; x_wconf 90' lang='lat' dir='ltr'><strong>hoe</strong></span> 
     </span>
     <span class='ocr_line' id='line_1_3' title="bbox 167 718 817 811; baseline 0.002 -26"><span class='ocrx_word' id='word_1_21' title='bbox 167 718 361 810; x_wconf 75' lang='lat' dir='ltr'>temporibus</span> <span class='ocrx_word' id='word_1_22' title='bbox 386 718 560 787; x_wconf 86' lang='lat' dir='ltr'><strong>rectissime</strong></span> <span class='ocrx_word' id='word_1_23' title='bbox 583 719 681 787; x_wconf 83' lang='lat' dir='ltr'><strong>tribui</strong></span> <span class='ocrx_word' id='word_1_24' title='bbox 703 731 817 811; x_wconf 87' lang='lat' dir='ltr'><strong>potest</strong></span> 
     </span>
    </p>
   </div>
   <div class='ocr_carea' id='block_1_3' title="bbox 412 896 981 986">
    <p class='ocr_par' dir='ltr' id='par_1_3' title="bbox 412 896 981 986">
     <span class='ocr_line' id='line_1_4' title="bbox 412 896 981 986; baseline 0.005 -21"><span class='ocrx_word' id='word_1_25' title='bbox 412 902 430 986; x_wconf 84' lang='lat'>§</span> <span class='ocrx_word' id='word_1_26' title='bbox 454 904 484 966; x_wconf 89' lang='lat'><strong>2.</strong></span> <span class='ocrx_word' id='word_1_27' title='bbox 531 896 671 967; x_wconf 75' lang='lat' dir='ltr'><em>Fabella</em></span> <span class='ocrx_word' id='word_1_28' title='bbox 694 898 878 968; x_wconf 77' lang='lat' dir='ltr'><strong>Fubs&#39;arum</strong></span> <span class='ocrx_word' id='word_1_29' title='bbox 903 902 981 969; x_wconf 80' lang='lat'><strong>377.</strong></span> 
     </span>
    </p>
   </div>
   <div class='ocr_carea' id='block_1_4' title="bbox 166 1056 1329 4316">
    <p class='ocr_par' dir='ltr' id='par_1_4' title="bbox 166 1056 1235 2592">
     <span class='ocr_line' id='line_1_5' title="bbox 212 1056 1229 1150; baseline 0.004 -25"><span class='ocrx_word' id='word_1_30' title='bbox 212 1056 334 1127; x_wconf 81' lang='lat' dir='ltr'><strong>Harum</strong></span> <span class='ocrx_word' id='word_1_31' title='bbox 367 1069 458 1149; x_wconf 90' lang='lat' dir='ltr'><strong>pater</strong></span> <span class='ocrx_word' id='word_1_32' title='bbox 487 1057 707 1150; x_wconf 72' lang='lat' dir='ltr'><strong>rogationibus</strong></span> <span class='ocrx_word' id='word_1_33' title='bbox 737 1058 911 1129; x_wconf 75' lang='lat' dir='ltr'><strong>Licinianis</strong></span> <span class='ocrx_word' id='word_1_34' title='bbox 937 1071 1049 1127; x_wconf 85' lang='lat' dir='ltr'><strong>auctor</strong></span> <span class='ocrx_word' id='word_1_35' title='bbox 1075 1061 1229 1130; x_wconf 74' lang='lat' dir='ltr'><strong>exstitisse</strong></span> 
     </span>
     <span class='ocr_line' id='line_1_6' title="bbox 166 1170 1230 1266; baseline 0.004 -29"><span class='ocrx_word' id='word_1_36' title='bbox 166 1171 283 1251; x_wconf 83' lang='lat' dir='ltr'><strong>lertur,</strong></span> <span class='ocrx_word' id='word_1_37' title='bbox 316 1192 417 1262; x_wconf 88' lang='lat' dir='ltr'><strong>quum</strong></span> <span class='ocrx_word' id='word_1_38' title='bbox 446 1170 530 1240; x_wconf 83' lang='lat' dir='ltr'><strong>forte</strong></span> <span class='ocrx_word' id='word_1_39' title='bbox 555 1171 683 1237; x_wconf 83' lang='lat' dir='ltr'><strong>fortuna</strong></span> <span class='ocrx_word' id='word_1_40' title='bbox 709 1171 817 1238; x_wconf 89' lang='lat' dir='ltr'><strong>minor</strong></span> <span class='ocrx_word' id='word_1_41' title='bbox 846 1171 945 1239; x_wconf 80' lang='lat' dir='ltr'><strong>llubiu</strong></span> <span class='ocrx_word' id='word_1_42' title='bbox 973 1172 1006 1238; x_wconf 92' lang='lat' dir='ltr'><strong>iu</strong></span> <span class='ocrx_word' id='word_1_43' title='bbox 1033 1171 1065 1240; x_wconf 91' lang='lat' dir='ltr'><strong>S.</strong></span> <span class='ocrx_word' id='word_1_44' title='bbox 1093 1172 1230 1266; x_wconf 85' lang='lat' dir='ltr'><strong>Sulpicii</strong></span> 
     </span>
     <span class='ocr_line' id='line_1_7' title="bbox 166 1282 1229 1377; baseline 0.003 -26"><span class='ocrx_word' id='word_1_45' title='bbox 166 1283 263 1351; x_wconf 89' lang='lat' dir='ltr'><strong>domo</strong></span> <span class='ocrx_word' id='word_1_46' title='bbox 277 1282 417 1374; x_wconf 73' lang='lat' dir='ltr'><strong>clepens,</strong></span> <span class='ocrx_word' id='word_1_47' title='bbox 434 1283 490 1350; x_wconf 93' lang='lat' dir='ltr'><strong>ubi</strong></span> <span class='ocrx_word' id='word_1_48' title='bbox 510 1283 708 1351; x_wconf 77' lang='lat' dir='ltr'><strong>sermonibus</strong></span> <span class='ocrx_word' id='word_1_49' title='bbox 728 1296 853 1376; x_wconf 88' lang='lat' dir='ltr'><strong>tempus</strong></span> <span class='ocrx_word' id='word_1_50' title='bbox 874 1284 1013 1365; x_wconf 88' lang='lat' dir='ltr'><strong>terebat,</strong></span> <span class='ocrx_word' id='word_1_51' title='bbox 1036 1288 1229 1377; x_wconf 75' lang='lat' dir='ltr'><strong>experisset,</strong></span> 
     </span>
     <span class='ocr_line' id='line_1_8' title="bbox 166 1395 1231 1490; baseline 0.005 -27"><span class='ocrx_word' id='word_1_52' title='bbox 166 1395 255 1489; x_wconf 85' lang='lat' dir='ltr'><strong>quod</strong></span> <span class='ocrx_word' id='word_1_53' title='bbox 279 1395 374 1463; x_wconf 89' lang='lat' dir='ltr'><strong>lictor</strong></span> <span class='ocrx_word' id='word_1_54' title='bbox 395 1395 531 1487; x_wconf 85' lang='lat' dir='ltr'><strong>Sulpicii</strong></span> <span class='ocrx_word' id='word_1_55' title='bbox 550 1396 680 1464; x_wconf 88' lang='lat' dir='ltr'><strong>domum</strong></span> <span class='ocrx_word' id='word_1_56' title='bbox 699 1395 863 1465; x_wconf 87' lang='lat' dir='ltr'><strong>redeuntis</strong></span> <span class='ocrx_word' id='word_1_57' title='bbox 886 1397 987 1464; x_wconf 89' lang='lat' dir='ltr'><strong>forem</strong></span> <span class='ocrx_word' id='word_1_58' title='bbox 1011 1398 1096 1490; x_wconf 74' lang='lat' dir='ltr'><strong>virga</strong></span> <span class='ocrx_word' id='word_1_59' title='bbox 1114 1421 1231 1490; x_wconf 72' lang='lat' dir='ltr'><strong>pmcn·</strong></span> 
     </span>
     <span class='ocr_line' id='line_1_9' title="bbox 166 1509 1231 1602; baseline 0.005 -26"><span class='ocrx_word' id='word_1_60' title='bbox 166 1521 258 1579; x_wconf 82' lang='lat' dir='ltr'><strong>teret.</strong></span> <span class='ocrx_word' id='word_1_61' title='bbox 295 1509 365 1578; x_wconf 88' lang='lat' dir='ltr'><strong>lloc</strong></span> <span class='ocrx_word' id='word_1_62' title='bbox 382 1511 483 1577; x_wconf 88' lang='lat' dir='ltr'><strong>sorori</strong></span> <span class='ocrx_word' id='word_1_63' title='bbox 499 1510 576 1577; x_wconf 88' lang='lat' dir='ltr'><strong>risui</strong></span> <span class='ocrx_word' id='word_1_64' title='bbox 594 1510 672 1591; x_wconf 85' lang='lat' dir='ltr'><strong>luit,</strong></span> <span class='ocrx_word' id='word_1_65' title='bbox 687 1510 817 1578; x_wconf 89' lang='lat' dir='ltr'><strong>miranti</strong></span> <span class='ocrx_word' id='word_1_66' title='bbox 827 1510 917 1578; x_wconf 89' lang='lat' dir='ltr'><strong>illam</strong></span> <span class='ocrx_word' id='word_1_67' title='bbox 927 1512 1073 1602; x_wconf 75' lang='lat' dir='ltr'><strong>ignorare</strong></span> <span class='ocrx_word' id='word_1_68' title='bbox 1090 1532 1231 1593; x_wconf 85' lang='lat' dir='ltr'><strong>rnorem,</strong></span> 
     </span>
     <span class='ocr_line' id='line_1_10' title="bbox 167 1621 1233 1715; baseline 0.005 -27"><span class='ocrx_word' id='word_1_69' title='bbox 167 1621 221 1690; x_wconf 85' lang='lat' dir='ltr'><strong>sed</strong></span> <span class='ocrx_word' id='word_1_70' title='bbox 259 1622 361 1714; x_wconf 87' lang='lat' dir='ltr'><strong>patri,</strong></span> <span class='ocrx_word' id='word_1_71' title='bbox 392 1623 449 1715; x_wconf 88' lang='lat' dir='ltr'><strong>qui</strong></span> <span class='ocrx_word' id='word_1_72' title='bbox 486 1624 649 1691; x_wconf 79' lang='lat' dir='ltr'><strong>confusam</strong></span> <span class='ocrx_word' id='word_1_73' title='bbox 683 1647 753 1692; x_wconf 85' lang='lat' dir='ltr'><strong>esm</strong></span> <span class='ocrx_word' id='word_1_74' title='bbox 779 1646 816 1690; x_wconf 88' lang='lat' dir='ltr'><strong>er</strong></span> <span class='ocrx_word' id='word_1_75' title='bbox 848 1626 970 1691; x_wconf 84' lang='lat' dir='ltr'><strong>recenti</strong></span> <span class='ocrx_word' id='word_1_76' title='bbox 996 1649 1103 1692; x_wconf 88' lang='lat' dir='ltr'><strong>morsu</strong></span> <span class='ocrx_word' id='word_1_77' title='bbox 1135 1627 1233 1693; x_wconf 86' lang='lat' dir='ltr'><strong>animi</strong></span> 
     </span>
     <span class='ocr_line' id='line_1_11' title="bbox 166 1733 1234 1818; baseline 0.004 -16"><span class='ocrx_word' id='word_1_78' title='bbox 166 1733 263 1816; x_wconf 82' lang='lat' dir='ltr'><strong>uidit,</strong></span> <span class='ocrx_word' id='word_1_79' title='bbox 286 1758 379 1803; x_wconf 77' lang='lat' dir='ltr'><strong>causa</strong></span> <span class='ocrx_word' id='word_1_80' title='bbox 401 1736 521 1804; x_wconf 84' lang='lat' dir='ltr'><strong>doloris</strong></span> <span class='ocrx_word' id='word_1_81' title='bbox 540 1760 607 1804; x_wconf 90' lang='lat' dir='ltr'><strong>non</strong></span> <span class='ocrx_word' id='word_1_82' title='bbox 624 1735 760 1818; x_wconf 81' lang='lat' dir='ltr'><strong>latebst3</strong></span> <span class='ocrx_word' id='word_1_83' title='bbox 775 1738 890 1805; x_wconf 86' lang='lat' dir='ltr'><strong>sororis</strong></span> <span class='ocrx_word' id='word_1_84' title='bbox 907 1739 1145 1809; x_wconf 74' lang='lat' dir='ltr'><strong>matrimonium</strong></span> <span class='ocrx_word' id='word_1_85' title='bbox 1167 1740 1234 1807; x_wconf 83' lang='lat' dir='ltr'><strong>lor·</strong></span> 
     </span>
     <span class='ocr_line' id='line_1_12' title="bbox 168 1850 1233 1941; baseline 0.003 -25"><span class='ocrx_word' id='word_1_86' title='bbox 168 1863 317 1919; x_wconf 80' lang='lat' dir='ltr'><strong>tanatum</strong></span> <span class='ocrx_word' id='word_1_87' title='bbox 348 1850 531 1931; x_wconf 81' lang='lat' dir='ltr'><strong>videbatur,</strong></span> <span class='ocrx_word' id='word_1_88' title='bbox 564 1850 643 1918; x_wconf 90' lang='lat' dir='ltr'><strong>dum</strong></span> <span class='ocrx_word' id='word_1_89' title='bbox 670 1850 771 1941; x_wconf 81' lang='lat' dir='ltr'><strong>ipsam</strong></span> <span class='ocrx_word' id='word_1_90' title='bbox 800 1850 986 1941; x_wconf 85' lang='lat' dir='ltr'><strong>poenitebat</strong></span> <span class='ocrx_word' id='word_1_91' title='bbox 1011 1853 1080 1919; x_wconf 86' lang='lat' dir='ltr'><strong>eius</strong></span> <span class='ocrx_word' id='word_1_92' title='bbox 1109 1853 1233 1932; x_wconf 85' lang='lat' dir='ltr'><strong>mariti,</strong></span> 
     </span>
     <span class='ocr_line' id='line_1_13' title="bbox 167 1963 1234 2057; baseline 0.003 -27"><span class='ocrx_word' id='word_1_93' title='bbox 167 1986 265 2055; x_wconf 87' lang='lat' dir='ltr'><strong>quem</strong></span> <span class='ocrx_word' id='word_1_94' title='bbox 295 1963 404 2031; x_wconf 86' lang='lat' dir='ltr'><strong>nullus</strong></span> <span class='ocrx_word' id='word_1_95' title='bbox 434 1963 528 2032; x_wconf 90' lang='lat' dir='ltr'><strong>lictor</strong></span> <span class='ocrx_word' id='word_1_96' title='bbox 556 1964 701 2031; x_wconf 76' lang='lat' dir='ltr'><strong>anteiret.</strong></span> <span class='ocrx_word' id='word_1_97' title='bbox 749 1965 830 2030; x_wconf 85' lang='lat' dir='ltr'><strong>Tum</strong></span> <span class='ocrx_word' id='word_1_98' title='bbox 858 1965 968 2032; x_wconf 63' lang='lat' dir='ltr'><strong>micuit</strong></span> <span class='ocrx_word' id='word_1_99' title='bbox 994 1978 1086 2057; x_wconf 84' lang='lat' dir='ltr'><strong>pates</strong></span> <span class='ocrx_word' id='word_1_100' title='bbox 1110 1967 1234 2056; x_wconf 74' lang='lat' dir='ltr'><strong>pauoris</strong></span> 
     </span>
     <span class='ocr_line' id='line_1_14' title="bbox 167 2076 1235 2172; baseline 0.003 -30"><span class='ocrx_word' id='word_1_101' title='bbox 167 2099 312 2156; x_wconf 89' lang='lat' dir='ltr'><strong>causam,</strong></span> <span class='ocrx_word' id='word_1_102' title='bbox 336 2077 388 2143; x_wconf 93' lang='lat' dir='ltr'><strong>cui</strong></span> <span class='ocrx_word' id='word_1_103' title='bbox 408 2079 471 2144; x_wconf 90' lang='lat' dir='ltr'><strong>iam</strong></span> <span class='ocrx_word' id='word_1_104' title='bbox 491 2078 652 2145; x_wconf 77' lang='lat' dir='ltr'><strong>fatebatur</strong></span> <span class='ocrx_word' id='word_1_105' title='bbox 673 2101 707 2145; x_wconf 90' lang='lat' dir='ltr'><strong>se</strong></span> <span class='ocrx_word' id='word_1_106' title='bbox 727 2076 853 2158; x_wconf 86' lang='lat' dir='ltr'><strong>dolere,</strong></span> <span class='ocrx_word' id='word_1_107' title='bbox 877 2079 965 2169; x_wconf 88' lang='lat' dir='ltr'><strong>quod</strong></span> <span class='ocrx_word' id='word_1_108' title='bbox 992 2080 1101 2146; x_wconf 89' lang='lat' dir='ltr'><strong>iuncta</strong></span> <span class='ocrx_word' id='word_1_109' title='bbox 1121 2081 1235 2172; x_wconf 84' lang='lat' dir='ltr'><strong>impari</strong></span> 
     </span>
     <span class='ocr_line' id='line_1_15' title="bbox 167 2190 1235 2282; baseline 0.002 -25"><span class='ocrx_word' id='word_1_110' title='bbox 167 2201 267 2269; x_wconf 83' lang='lat' dir='ltr'><strong>esset,</strong></span> <span class='ocrx_word' id='word_1_111' title='bbox 288 2201 388 2281; x_wconf 85' lang='lat' dir='ltr'><strong>nupta</strong></span> <span class='ocrx_word' id='word_1_112' title='bbox 414 2191 448 2255; x_wconf 91' lang='lat' dir='ltr'><strong>in</strong></span> <span class='ocrx_word' id='word_1_113' title='bbox 467 2190 584 2271; x_wconf 89' lang='lat' dir='ltr'><strong>domo,</strong></span> <span class='ocrx_word' id='word_1_114' title='bbox 605 2214 701 2282; x_wconf 88' lang='lat' dir='ltr'><strong>quam</strong></span> <span class='ocrx_word' id='word_1_115' title='bbox 719 2212 780 2257; x_wconf 86' lang='lat' dir='ltr'><strong>nec</strong></span> <span class='ocrx_word' id='word_1_116' title='bbox 798 2190 902 2257; x_wconf 89' lang='lat' dir='ltr'><strong>bonos</strong></span> <span class='ocrx_word' id='word_1_117' title='bbox 920 2213 981 2258; x_wconf 91' lang='lat' dir='ltr'><strong>nec</strong></span> <span class='ocrx_word' id='word_1_118' title='bbox 998 2193 1098 2282; x_wconf 79' lang='lat' dir='ltr'><strong>gratia</strong></span> <span class='ocrx_word' id='word_1_119' title='bbox 1117 2192 1235 2259; x_wconf 85' lang='lat' dir='ltr'><strong>intrare</strong></span> 
     </span>
     <span class='ocr_line' id='line_1_16' title="bbox 168 2300 1235 2394; baseline 0.002 -26"><span class='ocrx_word' id='word_1_120' title='bbox 168 2315 294 2392; x_wconf 83' lang='lat' dir='ltr'><strong>posset3</strong></span> <span class='ocrx_word' id='word_1_121' title='bbox 323 2300 464 2393; x_wconf 88' lang='lat' dir='ltr'><strong>denique</strong></span> <span class='ocrx_word' id='word_1_122' title='bbox 489 2303 589 2371; x_wconf 83' lang='lat' dir='ltr'><strong>filiam</strong></span> <span class='ocrx_word' id='word_1_123' title='bbox 614 2303 783 2369; x_wconf 86' lang='lat' dir='ltr'><strong>consolans</strong></span> <span class='ocrx_word' id='word_1_124' title='bbox 801 2302 966 2394; x_wconf 82' lang='lat' dir='ltr'><strong>pollicitus</strong></span> <span class='ocrx_word' id='word_1_125' title='bbox 989 2327 1056 2373; x_wconf 83' lang='lat' dir='ltr'><strong>esse</strong></span> <span class='ocrx_word' id='word_1_126' title='bbox 1077 2304 1179 2371; x_wconf 84' lang='lat' dir='ltr'><strong>fertur</strong></span> <span class='ocrx_word' id='word_1_127' title='bbox 1194 2305 1235 2370; x_wconf 92' lang='lat' dir='ltr'><strong>il·</strong></span> 
     </span>
     <span class='ocr_line' id='line_1_17' title="bbox 166 2412 1235 2507; baseline 0.006 -29"><span class='ocrx_word' id='word_1_128' title='bbox 166 2414 233 2480; x_wconf 88' lang='lat' dir='ltr'><strong>lanr</strong></span> <span class='ocrx_word' id='word_1_129' title='bbox 252 2412 438 2503; x_wconf 87' lang='lat' dir='ltr'><strong>propediem</strong></span> <span class='ocrx_word' id='word_1_130' title='bbox 466 2413 554 2481; x_wconf 85' lang='lat' dir='ltr'><strong>domi</strong></span> <span class='ocrx_word' id='word_1_131' title='bbox 576 2413 711 2480; x_wconf 80' lang='lat' dir='ltr'><strong>visuram</strong></span> <span class='ocrx_word' id='word_1_132' title='bbox 731 2413 868 2481; x_wconf 86' lang='lat' dir='ltr'><strong>bonores</strong></span> <span class='ocrx_word' id='word_1_133' title='bbox 887 2437 968 2505; x_wconf 91' lang='lat' dir='ltr'><strong>quos</strong></span> <span class='ocrx_word' id='word_1_134' title='bbox 989 2415 1075 2507; x_wconf 88' lang='lat' dir='ltr'><strong>apud</strong></span> <span class='ocrx_word' id='word_1_135' title='bbox 1094 2436 1235 2484; x_wconf 89' lang='lat' dir='ltr'><strong>sororem</strong></span> 
     </span>
     <span class='ocr_line' id='line_1_18' title="bbox 166 2526 301 2592; baseline 0 0"><span class='ocrx_word' id='word_1_136' title='bbox 166 2526 301 2592; x_wconf 83' lang='lat' dir='ltr'><strong>uiderat.</strong></span> 
     </span>
    </p>

    <p class='ocr_par' dir='ltr' id='par_1_5' title="bbox 166 2638 1329 4316">
     <span class='ocr_line' id='line_1_19' title="bbox 213 2638 1235 2733; baseline 0.007 -29"><span class='ocrx_word' id='word_1_137' title='bbox 213 2638 303 2724; x_wconf 77' lang='lat' dir='ltr'><strong>Quae</strong></span> <span class='ocrx_word' id='word_1_138' title='bbox 332 2639 540 2706; x_wconf 84' lang='lat' dir='ltr'><strong>Bellolortius</strong></span> <span class='ocrx_word' id='word_1_139' title='bbox 563 2652 572 2691; x_wconf 90' lang='lat'>¹</span> <span class='ocrx_word' id='word_1_140' title='bbox 605 2639 646 2705; x_wconf 87' lang='lat' dir='ltr'><strong>ad</strong></span> <span class='ocrx_word' id='word_1_141' title='bbox 670 2638 754 2705; x_wconf 88' lang='lat' dir='ltr'><strong>banc</strong></span> <span class='ocrx_word' id='word_1_142' title='bbox 778 2638 977 2706; x_wconf 71' lang='lat' dir='ltr'><strong>historiolam</strong></span> <span class='ocrx_word' id='word_1_143' title='bbox 1001 2642 1235 2733; x_wconf 81' lang='lat' dir='ltr'><strong>explodendam</strong></span> 
     </span>
     <span class='ocr_line' id='line_1_20' title="bbox 166 2752 1236 2843; baseline 0.005 -25"><span class='ocrx_word' id='word_1_144' title='bbox 166 2752 318 2843; x_wconf 84' lang='lat' dir='ltr'><strong>protulit,</strong></span> <span class='ocrx_word' id='word_1_145' title='bbox 342 2753 462 2819; x_wconf 88' lang='lat' dir='ltr'><strong>cadunt</strong></span> <span class='ocrx_word' id='word_1_146' title='bbox 477 2753 610 2842; x_wconf 89' lang='lat' dir='ltr'><strong>partim,</strong></span> <span class='ocrx_word' id='word_1_147' title='bbox 631 2776 704 2820; x_wconf 89' lang='lat' dir='ltr'><strong>nam</strong></span> <span class='ocrx_word' id='word_1_148' title='bbox 720 2752 879 2821; x_wconf 78' lang='lat' dir='ltr'><strong>licinium</strong></span> <span class='ocrx_word' id='word_1_149' title='bbox 897 2755 960 2820; x_wconf 89' lang='lat' dir='ltr'><strong>iam</strong></span> <span class='ocrx_word' id='word_1_150' title='bbox 979 2766 1055 2821; x_wconf 88' lang='lat' dir='ltr'><strong>tunc</strong></span> <span class='ocrx_word' id='word_1_151' title='bbox 1071 2756 1236 2823; x_wconf 76' lang='lat' dir='ltr'><strong>tribunatu</strong></span> 
     </span>
     <span class='ocr_line' id='line_1_21' title="bbox 168 2866 1235 2958; baseline 0.005 -25"><span class='ocrx_word' id='word_1_152' title='bbox 168 2867 319 2933; x_wconf 88' lang='lat' dir='ltr'><strong>functum</strong></span> <span class='ocrx_word' id='word_1_153' title='bbox 339 2890 406 2933; x_wconf 90' lang='lat' dir='ltr'><strong>esse</strong></span> <span class='ocrx_word' id='word_1_154' title='bbox 425 2866 576 2934; x_wconf 81' lang='lat' dir='ltr'><strong>credebat</strong></span> <span class='ocrx_word' id='word_1_155' title='bbox 595 2866 666 2945; x_wconf 89' lang='lat' dir='ltr'><strong>ille;</strong></span> <span class='ocrx_word' id='word_1_156' title='bbox 690 2879 795 2932; x_wconf 87' lang='lat' dir='ltr'><strong>cetera</strong></span> <span class='ocrx_word' id='word_1_157' title='bbox 818 2890 890 2933; x_wconf 84' lang='lat' dir='ltr'><strong>vero</strong></span> <span class='ocrx_word' id='word_1_158' title='bbox 908 2889 991 2958; x_wconf 84' lang='lat' dir='ltr'><strong>quae</strong></span> <span class='ocrx_word' id='word_1_159' title='bbox 1010 2869 1135 2949; x_wconf 86' lang='lat' dir='ltr'><strong>attulit,</strong></span> <span class='ocrx_word' id='word_1_160' title='bbox 1158 2871 1235 2938; x_wconf 89' lang='lat' dir='ltr'><strong>nolo</strong></span> 
     </span>
     <span class='ocr_line' id='line_1_22' title="bbox 167 2978 1235 3071; baseline 0.003 -24"><span class='ocrx_word' id='word_1_161' title='bbox 167 2982 313 3058; x_wconf 86' lang='lat' dir='ltr'><strong>mittere,</strong></span> <span class='ocrx_word' id='word_1_162' title='bbox 337 2981 457 3071; x_wconf 89' lang='lat' dir='ltr'><strong>quippe</strong></span> <span class='ocrx_word' id='word_1_163' title='bbox 477 3001 560 3071; x_wconf 86' lang='lat' dir='ltr'><strong>quae</strong></span> <span class='ocrx_word' id='word_1_164' title='bbox 576 2979 627 3047; x_wconf 82' lang='lat' dir='ltr'><strong>ael</strong></span> <span class='ocrx_word' id='word_1_165' title='bbox 643 2978 833 3045; x_wconf 82' lang='lat' dir='ltr'><strong>doctissimis</strong></span> <span class='ocrx_word' id='word_1_166' title='bbox 847 2980 946 3047; x_wconf 84' lang='lat' dir='ltr'><strong>latere</strong></span> <span class='ocrx_word' id='word_1_167' title='bbox 965 2983 1111 3071; x_wconf 72' lang='lat' dir='ltr'><strong>cognovi.</strong></span> <span class='ocrx_word' id='word_1_168' title='bbox 1143 2982 1235 3050; x_wconf 81' lang='lat' dir='ltr'><strong>Livio</strong></span> 
     </span>
     <span class='ocr_line' id='line_1_23' title="bbox 167 3091 1236 3185; baseline 0.005 -28"><span class='ocrx_word' id='word_1_169' title='bbox 167 3093 263 3165; x_wconf 73' lang='lat' dir='ltr'><strong>isaie</strong></span> <span class='ocrx_word' id='word_1_170' title='bbox 288 3093 391 3174; x_wconf 67' lang='lat' dir='ltr'><strong>napea</strong></span> <span class='ocrx_word' id='word_1_171' title='bbox 408 3093 626 3171; x_wconf 68' lang='grc' dir='ltr'><strong>ἀπεδήμησεν,</strong></span> <span class='ocrx_word' id='word_1_172' title='bbox 648 3104 684 3158; x_wconf 86' lang='lat' dir='ltr'><strong>ut</strong></span> <span class='ocrx_word' id='word_1_173' title='bbox 703 3103 751 3159; x_wconf 86' lang='lat' dir='ltr'><strong>est</strong></span> <span class='ocrx_word' id='word_1_174' title='bbox 766 3091 851 3183; x_wconf 89' lang='lat' dir='ltr'><strong>apud</strong></span> <span class='ocrx_word' id='word_1_175' title='bbox 872 3101 1017 3184; x_wconf 88' lang='lat' dir='ltr'><strong>po&#39;e&#39;tam,</strong></span> <span class='ocrx_word' id='word_1_176' title='bbox 1035 3118 1136 3185; x_wconf 87' lang='lat' dir='ltr'><strong>quum</strong></span> <span class='ocrx_word' id='word_1_177' title='bbox 1154 3095 1236 3162; x_wconf 90' lang='lat' dir='ltr'><strong>banc</strong></span> 
     </span>
     <span class='ocr_line' id='line_1_24' title="bbox 168 3202 1329 3300; baseline 0.004 -29"><span class='ocrx_word' id='word_1_178' title='bbox 168 3229 238 3273; x_wconf 89' lang='lat' dir='ltr'><strong>rem</strong></span> <span class='ocrx_word' id='word_1_179' title='bbox 257 3202 567 3295; x_wconf 78' lang='lat' dir='ltr'><strong>scriptomanrlasi13</strong></span> <span class='ocrx_word' id='word_1_180' title='bbox 591 3205 764 3296; x_wconf 83' lang='lat' dir='ltr'><strong>expavisset</strong></span> <span class='ocrx_word' id='word_1_181' title='bbox 778 3205 890 3285; x_wconf 78' lang='lat' dir='ltr'><strong>Fabia,</strong></span> <span class='ocrx_word' id='word_1_182' title='bbox 916 3207 1003 3297; x_wconf 86' lang='lat' dir='ltr'><strong>quod</strong></span> <span class='ocrx_word' id='word_1_183' title='bbox 1024 3206 1160 3300; x_wconf 85' lang='lat' dir='ltr'><strong>Sulpicii</strong></span> <span class='ocrx_word' id='word_1_184' title='bbox 1176 3209 1236 3276; x_wconf 91' lang='lat' dir='ltr'><strong>lic·</strong></span> <span class='ocrx_word' id='word_1_185' title='bbox 1327 3216 1329 3219; x_wconf 75' lang='grc'><strong>’</strong></span> 
     </span>
     <span class='ocr_line' id='line_1_25' title="bbox 170 3316 1236 3412; baseline 0.004 -28"><span class='ocrx_word' id='word_1_186' title='bbox 170 3332 221 3384; x_wconf 89' lang='lat' dir='ltr'><strong>tor</strong></span> <span class='ocrx_word' id='word_1_187' title='bbox 255 3316 341 3407; x_wconf 73' lang='lat' dir='ltr'><strong>uirga</strong></span> <span class='ocrx_word' id='word_1_188' title='bbox 372 3330 498 3408; x_wconf 88' lang='lat' dir='ltr'><strong>portam</strong></span> <span class='ocrx_word' id='word_1_189' title='bbox 525 3330 722 3408; x_wconf 86' lang='lat' dir='ltr'><strong>percuteret,</strong></span> <span class='ocrx_word' id='word_1_190' title='bbox 745 3342 781 3384; x_wconf 87' lang='lat' dir='ltr'><strong>re</strong></span> <span class='ocrx_word' id='word_1_191' title='bbox 802 3342 878 3385; x_wconf 84' lang='lat' dir='ltr'><strong>reru</strong></span> <span class='ocrx_word' id='word_1_192' title='bbox 903 3321 990 3410; x_wconf 87' lang='lat' dir='ltr'><strong>quod</strong></span> <span class='ocrx_word' id='word_1_193' title='bbox 1021 3344 1116 3412; x_wconf 78' lang='lat' dir='ltr'><strong>segre</strong></span> <span class='ocrx_word' id='word_1_194' title='bbox 1139 3323 1236 3389; x_wconf 86' lang='lat' dir='ltr'><strong>lerrct</strong></span> 
     </span>
     <span class='ocr_line' id='line_1_26' title="bbox 168 3430 1236 3525; baseline 0.004 -29"><span class='ocrx_word' id='word_1_195' title='bbox 168 3431 287 3521; x_wconf 89' lang='lat' dir='ltr'><strong>imperi</strong></span> <span class='ocrx_word' id='word_1_196' title='bbox 305 3450 337 3496; x_wconf 86' lang='lat' dir='ltr'><strong>se</strong></span> <span class='ocrx_word' id='word_1_197' title='bbox 357 3453 424 3496; x_wconf 86' lang='lat' dir='ltr'><strong>esse</strong></span> <span class='ocrx_word' id='word_1_198' title='bbox 442 3430 594 3497; x_wconf 83' lang='lat' dir='ltr'><strong>iunctam.</strong></span> <span class='ocrx_word' id='word_1_199' title='bbox 641 3431 683 3496; x_wconf 77' lang='lat' dir='ltr'><strong>At</strong></span> <span class='ocrx_word' id='word_1_200' title='bbox 708 3431 912 3498; x_wconf 87' lang='lat' dir='ltr'><strong>falsissimum</strong></span> <span class='ocrx_word' id='word_1_201' title='bbox 928 3446 976 3499; x_wconf 86' lang='lat' dir='ltr'><strong>est</strong></span> <span class='ocrx_word' id='word_1_202' title='bbox 991 3433 1091 3500; x_wconf 91' lang='lat' dir='ltr'><strong>hocce</strong></span> <span class='ocrx_word' id='word_1_203' title='bbox 1109 3435 1236 3525; x_wconf 75' lang='lat' dir='ltr'><strong>angoris</strong></span> 
     </span>
     <span class='ocr_line' id='line_1_27' title="bbox 170 3542 1236 3635; baseline 0.007 -28"><span class='ocrx_word' id='word_1_204' title='bbox 170 3542 222 3609; x_wconf 80' lang='lat' dir='ltr'><strong>vel</strong></span> <span class='ocrx_word' id='word_1_205' title='bbox 257 3542 395 3608; x_wconf 79' lang='lat' dir='ltr'><strong>insidiae</strong></span> <span class='ocrx_word' id='word_1_206' title='bbox 431 3542 691 3623; x_wconf 66' lang='lat' dir='ltr'><strong>fundamentum</strong></span> <span class='ocrx_word' id='word_1_207' title='bbox 723 3545 886 3635; x_wconf 88' lang='lat' dir='ltr'><strong>Sulpicius</strong></span> <span class='ocrx_word' id='word_1_208' title='bbox 917 3546 1065 3612; x_wconf 90' lang='lat' dir='ltr'><strong>tribunus</strong></span> <span class='ocrx_word' id='word_1_209' title='bbox 1094 3549 1236 3614; x_wconf 85' lang='lat' dir='ltr'><strong>militum</strong></span> 
     </span>
     <span class='ocr_line' id='line_1_28' title="bbox 170 3654 1235 3748; baseline 0.003 -26"><span class='ocrx_word' id='word_1_210' title='bbox 170 3668 254 3734; x_wconf 82' lang='lat' dir='ltr'><strong>erat,</strong></span> <span class='ocrx_word' id='word_1_211' title='bbox 278 3654 366 3745; x_wconf 91' lang='lat' dir='ltr'><strong>quod</strong></span> <span class='ocrx_word' id='word_1_212' title='bbox 385 3655 488 3746; x_wconf 89' lang='lat' dir='ltr'><strong>ipsum</strong></span> <span class='ocrx_word' id='word_1_213' title='bbox 511 3678 627 3721; x_wconf 90' lang='lat' dir='ltr'><strong>munus</strong></span> <span class='ocrx_word' id='word_1_214' title='bbox 647 3667 714 3722; x_wconf 88' lang='lat' dir='ltr'><strong>erat</strong></span> <span class='ocrx_word' id='word_1_215' title='bbox 732 3656 930 3736; x_wconf 89' lang='lat' dir='ltr'><strong>institutum,</strong></span> <span class='ocrx_word' id='word_1_216' title='bbox 954 3669 990 3723; x_wconf 88' lang='lat' dir='ltr'><strong>ut</strong></span> <span class='ocrx_word' id='word_1_217' title='bbox 1005 3657 1095 3748; x_wconf 89' lang='lat' dir='ltr'><strong>plebi</strong></span> <span class='ocrx_word' id='word_1_218' title='bbox 1112 3657 1235 3747; x_wconf 90' lang='lat' dir='ltr'><strong>aliquid</strong></span> 
     </span>
     <span class='ocr_line' id='line_1_29' title="bbox 170 3768 1237 3859; baseline 0.004 -25"><span class='ocrx_word' id='word_1_219' title='bbox 170 3769 332 3836; x_wconf 87' lang='lat' dir='ltr'><strong>commodi</strong></span> <span class='ocrx_word' id='word_1_220' title='bbox 348 3768 529 3859; x_wconf 76' lang='lat' dir='ltr'><strong>largiretur,</strong></span> <span class='ocrx_word' id='word_1_221' title='bbox 544 3769 589 3834; x_wconf 90' lang='lat' dir='ltr'><strong>sic</strong></span> <span class='ocrx_word' id='word_1_222' title='bbox 608 3769 670 3835; x_wconf 90' lang='lat' dir='ltr'><strong>iam</strong></span> <span class='ocrx_word' id='word_1_223' title='bbox 690 3793 773 3835; x_wconf 91' lang='lat' dir='ltr'><strong>anno</strong></span> <span class='ocrx_word' id='word_1_224' title='bbox 791 3775 872 3849; x_wconf 72' lang='lat'><strong>354,</strong></span> <span class='ocrx_word' id='word_1_225' title='bbox 889 3775 954 3838; x_wconf 81' lang='lat'><strong>358</strong></span> <span class='ocrx_word' id='word_1_226' title='bbox 971 3769 1116 3835; x_wconf 88' lang='lat' dir='ltr'><strong>tribunus</strong></span> <span class='ocrx_word' id='word_1_227' title='bbox 1132 3770 1237 3838; x_wconf 90' lang='lat' dir='ltr'><strong>luerat</strong></span> 
     </span>
     <span class='ocr_line' id='line_1_30' title="bbox 169 3879 1235 3972; baseline 0.001 -24"><span class='ocrx_word' id='word_1_228' title='bbox 169 3883 205 3948; x_wconf 82' lang='lat' dir='ltr'><strong>P.</strong></span> <span class='ocrx_word' id='word_1_229' title='bbox 226 3881 370 3949; x_wconf 87' lang='lat' dir='ltr'><strong>Licinius</strong></span> <span class='ocrx_word' id='word_1_230' title='bbox 389 3881 489 3947; x_wconf 87' lang='lat' dir='ltr'><strong>nostri</strong></span> <span class='ocrx_word' id='word_1_231' title='bbox 504 3904 596 3960; x_wconf 85' lang='lat' dir='ltr'><strong>avus,</strong></span> <span class='ocrx_word' id='word_1_232' title='bbox 619 3902 706 3951; x_wconf 87' lang='lat' dir='ltr'><strong>auno</strong></span> <span class='ocrx_word' id='word_1_233' title='bbox 722 3884 789 3948; x_wconf 82' lang='lat'><strong>378</strong></span> <span class='ocrx_word' id='word_1_234' title='bbox 806 3879 842 3946; x_wconf 75' lang='lat' dir='ltr'><strong>(l.</strong></span> <span class='ocrx_word' id='word_1_235' title='bbox 858 3880 1000 3953; x_wconf 72' lang='lat' dir='ltr'><strong>licinius</strong></span> <span class='ocrx_word' id='word_1_236' title='bbox 1015 3882 1113 3948; x_wconf 90' lang='lat' dir='ltr'><strong>nostri</strong></span> <span class='ocrx_word' id='word_1_237' title='bbox 1130 3895 1235 3972; x_wconf 86' lang='lat' dir='ltr'><strong>puter,</strong></span> 
     </span>
     <span class='ocr_line' id='line_1_31' title="bbox 170 3994 1235 4086; baseline 0.002 -24"><span class='ocrx_word' id='word_1_238' title='bbox 170 4016 297 4062; x_wconf 88' lang='lat' dir='ltr'><strong>necnon</strong></span> <span class='ocrx_word' id='word_1_239' title='bbox 314 3994 431 4062; x_wconf 84' lang='lat' dir='ltr'><strong>Fabiae</strong></span> <span class='ocrx_word' id='word_1_240' title='bbox 448 3995 594 4075; x_wconf 83' lang='lat' dir='ltr'><strong>maritus,</strong></span> <span class='ocrx_word' id='word_1_241' title='bbox 608 4005 719 4085; x_wconf 86' lang='lat' dir='ltr'><strong>utpote</strong></span> <span class='ocrx_word' id='word_1_242' title='bbox 728 3994 875 4086; x_wconf 84' lang='lat' dir='ltr'><strong>plebeius</strong></span> <span class='ocrx_word' id='word_1_243' title='bbox 885 4006 1110 4086; x_wconf 82' lang='lat' dir='ltr'><strong>totusquantus</strong></span> <span class='ocrx_word' id='word_1_244' title='bbox 1121 3996 1235 4064; x_wconf 87' lang='lat' dir='ltr'><strong>eodem</strong></span> 
     </span>
     <span class='ocr_line' id='line_1_32' title="bbox 170 4108 1234 4200; baseline 0.006 -25"><span class='ocrx_word' id='word_1_245' title='bbox 170 4109 278 4175; x_wconf 83' lang='lat' dir='ltr'><strong>ornari</strong></span> <span class='ocrx_word' id='word_1_246' title='bbox 305 4119 430 4200; x_wconf 78' lang='lat' dir='ltr'><strong>poteret</strong></span> <span class='ocrx_word' id='word_1_247' title='bbox 458 4131 605 4189; x_wconf 86' lang='lat' dir='ltr'><strong>munere;</strong></span> <span class='ocrx_word' id='word_1_248' title='bbox 639 4108 726 4199; x_wconf 90' lang='lat' dir='ltr'><strong>quod</strong></span> <span class='ocrx_word' id='word_1_249' title='bbox 752 4110 778 4175; x_wconf 89' lang='lat' dir='ltr'><strong>si</strong></span> <span class='ocrx_word' id='word_1_250' title='bbox 799 4110 1011 4200; x_wconf 75' lang='lat' dir='ltr'><strong>reputaveris,</strong></span> <span class='ocrx_word' id='word_1_251' title='bbox 1033 4110 1156 4177; x_wconf 83' lang='lat' dir='ltr'><strong>mireris</strong></span> <span class='ocrx_word' id='word_1_252' title='bbox 1177 4134 1234 4181; x_wconf 86' lang='lat' dir='ltr'><strong>ue·</strong></span> 
     </span>
     <span class='ocr_line' id='line_1_33' title="bbox 170 4221 1233 4316; baseline 0.004 -29"><span class='ocrx_word' id='word_1_253' title='bbox 170 4244 257 4290; x_wconf 82' lang='lat' dir='ltr'><strong>cesse</strong></span> <span class='ocrx_word' id='word_1_254' title='bbox 285 4234 337 4291; x_wconf 61' lang='lat' dir='ltr'><strong>est,</strong></span> <span class='ocrx_word' id='word_1_255' title='bbox 359 4221 485 4289; x_wconf 78' lang='lat' dir='ltr'><strong>Livium</strong></span> <span class='ocrx_word' id='word_1_256' title='bbox 514 4222 689 4314; x_wconf 86' lang='lat' dir='ltr'><strong>scripsisse,</strong></span> <span class='ocrx_word' id='word_1_257' title='bbox 722 4222 912 4291; x_wconf 77' lang='lat' dir='ltr'><strong>Ambustum</strong></span> <span class='ocrx_word' id='word_1_258' title='bbox 941 4223 1027 4295; x_wconf 83' lang='lat' dir='ltr'><strong>filiae</strong></span> <span class='ocrx_word' id='word_1_259' title='bbox 1049 4225 1233 4316; x_wconf 86' lang='lat' dir='ltr'><strong>pollicitum</strong></span> 
     </span>
    </p>
   </div>
   <div class='ocr_carea' id='block_1_5' title="bbox 203 4469 558 4541">
    <p class='ocr_par' dir='ltr' id='par_1_6' title="bbox 203 4469 558 4541">
     <span class='ocr_line' id='line_1_34' title="bbox 203 4469 558 4541; baseline 0.008 -18"><span class='ocrx_word' id='word_1_260' title='bbox 203 4470 223 4541; x_wconf 69' lang='lat'><strong>¹)</strong></span> <span class='ocrx_word' id='word_1_261' title='bbox 242 4469 350 4524; x_wconf 79' lang='lat' dir='ltr'><strong>Incertis.</strong></span> <span class='ocrx_word' id='word_1_262' title='bbox 368 4490 392 4540; x_wconf 90' lang='lat' dir='ltr'><strong>p.</strong></span> <span class='ocrx_word' id='word_1_263' title='bbox 411 4479 558 4530; x_wconf 79' lang='lat' dir='ltr'><strong>aee-elo.</strong></span> 
     </span>
    </p>
   </div>
   <div class='ocr_carea' id='block_1_6' title="bbox 0 0 1589 5294">
    <p class='ocr_par' dir='ltr' id='par_1_7' title="bbox 0 0 1589 5294">
     <span class='ocr_line' id='line_1_35' title="bbox 0 0 1589 5294; baseline 0 0"><span class='ocrx_word' id='word_1_264' title='bbox 0 0 1589 5294; x_wconf 95' lang='lat' dir='ltr'><strong> </strong></span> 
     </span>
    </p>
   </div>
  </div>
 </body>
</html>
