3194 5302
340 457 798 541 r.cantoennnsumsusw).
839 458 861 541 5
871 460 900 521 2.
922 475 1033 519 consur
1044 458 1086 519 11.
1103 458 1172 520 273.
1254 457 1298 517 37¹

222 649 308 741 quod
338 650 475 718 editores
504 650 674 718 emendare
701 652 887 718 debuerant.
936 652 1094 719 Adversus
1125 651 1289 742 duplicem

211 764 306 830 illum
327 763 453 830 hostem
484 765 629 832 delectus
648 765 821 832 habendus
844 781 929 845 erat,
956 790 1052 857 quem
1077 789 1118 832 ne
1139 765 1287 832 tribunus

213 878 400 968 impediret,
416 879 543 969 patricii
561 879 648 970 quod
664 881 788 970 saepius
804 893 914 970 postea
928 879 1048 945 laetum
1060 902 1127 945 esse
1146 890 1288 956 constat,

212 991 286 1056 iam·
298 1002 376 1056 tunc
397 992 496 1082 egisse
516 992 678 1074 feruntur,
702 994 848 1060 fecerunt
866 994 987 1060 irritem
1008 993 1128 1063 tribuni
1145 991 1287 1058 seditiosi

214 1116 422 1195 potestatem,
449 1128 521 1172 uuo
551 1107 717 1197 alteroque
747 1130 784 1172 ex
811 1107 868 1173 illo
896 1107 1032 1196 collegio
1064 1105 1124 1171 sibi
1153 1103 1289 1172 der-icto.

213 1215 269 1282 Sic
290 1241 354 1283 non
377 1218 444 1284 sine
465 1218 566 1284 turbis
584 1221 742 1285 exercitus
761 1221 871 1311 scripti
892 1231 1014 1285 suntet
1034 1217 1158 1295 educti,
1177 1229 1289 1282 contra

218 1331 345 1421 Aequos
376 1354 398 1396 a
421 1331 538 1411 Furio,
565 1344 673 1398 contra
697 1334 881 1399 Veientes-e
904 1333 1018 1411 Fabi03
1045 1331 1195 1421 Sigonius
1215 1330 1290 1420 qui·

215 1443 299 1508 dem,
326 1444 418 1534 apud
441 1443 568 1509 Livium
596 1458 604 1495 ¹
635 1445 763 1511 invertit
792 1446 850 1511 illa
878 1446 1010 1510 nomina
1037 1445 1092 1511 sed
1124 1442 1287 1509 Hoalrhius

216 1567 304 1622 recte
320 1555 487 1623 contendit
502 1580 566 1622 non
584 1580 666 1648 opus
681 1581 748 1624 esse
764 1557 988 1624 emendatione
1001 1570 1134 1649 propter
1146 1555 1289 1643 Dionysii

218 1668 424 1760 Zonaraeque
443 1691 624 1761 congruens
644 1672 878 1750 testimouium,
902 1673 992 1762 etqui
1013 1671 1139 1736 duobus
1156 1668 1219 1734 illis
1239 1668 1290 1733 lo·

217 1783 270 1851 cis:
280 1782 366 1872 apud
385 1782 511 1849 Livium
530 1807 589 1874 pro
610 1787 737 1874 Aequis
758 1785 930 1875 legendum
946 1808 1013 1851 esse
1032 1785 1071 1847 V
1068 1789 1130 1849 ea'a's
1140 1805 1151 1861 ,·
1177 1783 1229 1847 cui
1250 1804 1288 1846 eo

217 1895 381 1962 lubentius
406 1898 575 1977 assentior,
606 1899 698 1988 quod·
724 1898 830 1965 Fabiis
859 1899 957 1989 magis
985 1898 1136 1964 convenit
1165 1894 1287 1960 bellum

219 2006 351 2089 Veiens,
372 2009 618 2076 undeRomani
639 2011 805 2077 rediissent
826 2011 959 2079 eandem
982 2011 1145 2077 fortunam
1170 2006 1292 2099 experti

220 2143 283 2211 qua
313 2120 581 2201 ad12Gremeram,
613 2125 818 2214 paucissimas
853 2124 946 2190 horas
988 2123 1028 2188 ab
1068 2123 1170 2202 Urbe,
1203 2120 1292 2211 quod

219 2235 379 2300 convenit·
399 2235 514 2301 melius
541 2236 667 2303 Veienti
692 2238 888 2330 expeditioni
912 2260 1008 2328 quem
1030 2248 1140 2301 contra
1165 2235 1291 2323 Aequos

220 2348 246 2412 si
262 2369 314 2412 res
328 2347 448 2414 fuisset.
480 2347 611 2416 Cousuli
623 2352 721 2417 Furio
738 2352 845 2416 amnia
864 2374 901 2415 er
921 2362 995 2416 roto
1015 2360 1193 2426 cesserunt,
1213 2367 1292 2411 con·

221 2474 269 2525 tra
286 2461 402 2541 ratio,
422 2463 475 2527 eui
493 2463 567 2553 plus
583 2466 792 2555 negotii-cum
813 2462 1059 2530 contumacibus
1076 2461 1201 2526 civibus
1220 2460 1294 2524 fue·

221 2575 281 2652 rit,
310 2596 408 2663 quam
432 2574 506 2640 cum
528 2572 681 2641 hostibus.
729 2576 850 2640 Ferunt
872 2596 989 2663 nempe
1008 2574 1051 2638 ita
1072 2573 1173 2637 aciem
1194 2569 1236 2635 ab
1256 2592 1295 2635 ao

220 2710 286 2754 esse
307 2688 512 2768 instructam,
528 2700 565 2754 ut
582 2691 721 2780 primum
742 2688 883 2753 hostium
904 2687 1013 2778 copias
1031 2684 1181 2750 funderet
1199 2681 1293 2772 equi-

223 2813 326 2880 tatus,
346 2800 462 2868 deinde
475 2802 604 2893 pedites
622 2825 674 2867 eas
693 2812 977 2892 persequerentur;
997 2798 1193 2863 contrarium
1208 2795 1293 2862 solus

224 2911 369 2978 Valerius
389 2911 542 2978 Maximus
558 2912 682 2979 tradere
701 2913 857 2990 creditur,
874 2913 927 2978 cui
940 2910 1071 3003 Pighius
1082 2933 1174 2976 suum
1187 2908 1295 2974 reddi-

224 3025 272 3091 dit
296 3024 470 3090 rescribens
482 3026 675 3116 peditotum
699 3049 759 3117 pro
782 3031 983 3114 equitatum,
1012 3025 1063 3089 eui
1088 3023 1296 3088 novissimum

224 3138 379 3204 editorem
402 3162 466 3204 non
487 3141 631 3209 assentiri
650 3140 762 3218 mirer,
781 3162 858 3204 nem
876 3137 1012 3202 librariis
1030 3137 1137 3227 potius
1154 3156 1295 3200 errorem

225 3251 419 3330 tribuamus,
450 3275 546 3342 quam
571 3252 707 3318 Valerio.
754 3250 909 3318 Constans
930 3273 1046 3339 nempe
1066 3249 1151 3313 lama
1172 3259 1220 3312 est
1241 3269 1295 3312 eos

224 3378 357 3455 propter
383 3365 487 3455 legem
517 3367 685 3456 agrarium,
711 3367 765 3430 cui
779 3364 910 3430 ¹It'abius
927 3363 993 3429 tlte
1015 3361 1114 3428 Cassii
1133 3359 1296 3451 quondam

226 3490 391 3543 accusator
407 3477 543 3544 inarime
568 3479 738 3556 restiterat,
757 3477 902 3543 noluisse
923 3476 1046 3542 hostem
1068 3475 1218 3567 persequi
1240 3473 1296 3539 sed

226 3603 326 3656 nocte
351 3591 485 3656 Romam
515 3590 643 3659 rediisse
669 3604 893 3670 contumaces,
921 3591 1007 3682 quod
1034 3590 1066 3655 in
1085 3589 1202 3654 milites
1223 3585 1295 3675 ple·

227 3706 318 3771 beios
336 3716 420 3769 recte
439 3703 542 3783 eadit,
561 3727 625 3769 non
651 3727 737 3770 rere
749 3706 782 3770 in
803 3704 937 3795 equites.

275 3817 416 3883 inrisum
432 3817 608 3883 vconsulem
635 3817 732 3882 fuisse
750 3817 905 3908 plebeiis,
931 3816 1021 3906 atqui
1039 3815 1209 3906 imperium
1230 3812 1298 3878 eius

228 3935 352 4021 gravius
378 3930 623 4020 aliquantisper,
642 3953 707 3995 nou
731 3930 904 4020 obloquar,
930 3954 947 3995 a
973 3928 1115 4020 patriciis
1135 3927 1219 3992 enim
1240 3925 1297 3991 de-

228 4045 368 4133 signatus
386 4056 461 4107 eret
482 4044 538 4132 qui
557 4055 667 4109 contra
687 4043 815 4133 plebem
834 4042 998 4133 Cassiique
1016 4041 1118 4132 legem
1137 4040 1200 4104 iam
1221 4051 1296 4104 ante
1385 4108 1387 4114 ,

229 4169 355 4223 strenue
385 4180 418 4221 se
447 4169 598 4246 gesserat3
632 4156 686 4221 sed
713 4155 801 4222 aliud
828 4168 890 4234 est,
914 4154 1001 4245 quod
1031 4153 1123 4220 valde
1149 4151 1295 4229 offendit,

232 4281 327 4359 atque
356 4280 525 4360 propterea
552 4269 593 4334 ab
612 4268 769 4334 historicis
790 4280 901 4333 eontra
920 4267 1145 4357 antiquitatem
1164 4288 1297 4330 exorna·

259 4510 277 4577 ¹)
295 4513 330 4562 11.
350 4513 381 4563 4³
400 4512 492 4563 collato
511 4516 545 4561 44
565 4513 657 4563 »victis
675 4511 787 4578 Aequi?
806 4517 831 4562 et
848 4513 880 4560 46
901 4523 979 4560 »eum
997 4508 1119 4573 Aequis.n
