3190 5304
326 454 385 517 394
468 473 496 522 o.
517 470 619 515 ruerus
640 470 668 521 o.
690 469 719 513 r.
741 469 769 520 o.
791 467 819 513 a.
839 467 971 513 uaxruus
992 466 1182 514 suarursrses
1203 453 1278 536 (49).

281 674 289 685 ·
328 649 405 715 olim
427 647 556 741 quidem
577 645 713 737 Fabium
732 658 874 713 nostrum
895 645 1010 714 Pulrio
1028 647 1207 716 tribuerant
1224 651 1394 742 collegam,

328 759 383 828 sed
411 770 497 825 recte
517 756 648 848 Pighius
669 781 707 825 cx
728 756 830 825 Dione
847 768 856 805 ¹
887 757 1006 825 collato
1022 759 1195 829 Plutarcho
1212 774 1225 812 ²
1254 767 1394 853 reposuit

327 872 509 940 Claudium.
543 871 694 939 Krousius
709 895 784 939 sero
801 872 852 939 vel
868 870 981 961 Pighio
995 874 1234 964 postponendus
1251 876 1391 958 ridetur,

325 1010 399 1052 nem
429 986 595 1077 antiquam
624 1007 791 1053 censuram
817 983 984 1065 decantat,
1014 986 1099 1077 ipsos
1122 986 1271 1055 classicos
1291 1012 1391 1081 quum

326 1122 392 1165 non
420 1098 552 1180 adierit:
583 1098 638 1165 sed
668 1098 713 1164 sic
741 1097 822 1165 solet
847 1098 904 1164 ille
934 1122 971 1165 ex
998 1099 1134 1169 aliorum
1166 1103 1316 1193 operibus
1336 1126 1393 1171 sua

327 1214 483 1279 suffurari.
529 1212 620 1280 Idem
643 1213 727 1279 valet
751 1210 791 1277 de
814 1210 953 1290 Bebrio,
977 1212 1087 1302 quiin
1107 1213 1247 1283 eundern
1267 1215 1395 1283 solebat

325 1327 372 1391 ire
399 1349 558 1406 errorem,
591 1324 646 1391 sed
672 1347 729 1414 per
752 1323 935 1415 typothetas
954 1348 1020 1391 non
1040 1324 1150 1406 licuit,
1175 1329 1298 1420 scripsit
1319 1352 1392 1397 eum

326 1439 492 1505 consulem
507 1440 604 1505 fuisse
620 1441 687 1505 612
709 1449 741 1505 et
756 1459 920 1505 censorem
931 1441 1013 1517 628,
1032 1437 1270 1508 ubiKrausium
1288 1464 1395 1532 presse

327 1563 454 1618 secutus
483 1557 550 1620 618
578 1551 725 1631 volebat,
754 1565 787 1618 et
810 1551 855 1617 sic
875 1551 908 1617 iu
929 1550 1017 1616 hunc
1038 1573 1159 1618 norum
1176 1576 1316 1623 errorem
1336 1555 1394 1622 de-

326 1666 416 1732 durit
436 1665 616 1743 liminum,
640 1665 697 1756 qui
718 1663 870 1731 audacter
886 1663 981 1755 ponit
998 1687 1072 1731 snm
1093 1668 1160 1735 628
1178 1689 1314 1737 censura
1328 1691 1394 1736 esse

326 1779 485 1845 functum.

372 1892 487 1981 Neque
515 1890 652 1956 lustrum
681 1888 756 1956 LIX
785 1890 862 1955 anni
891 1892 957 1956 623
980 1890 1144 1970 condidit,
1168 1893 1289 1985 quippe
1307 1896 1394 1985 quod

326 2006 365 2090 Q.
377 2003 534 2072 Caecilius
545 2003 692 2070 Metellus
703 2002 780 2087 etQ.
792 2003 960 2094 Pompeius
972 2005 1074 2071 liuius
1085 2005 1231 2076 iecerunt
1244 2022 1273 2087 3;
1287 2032 1393 2100 neque

327 2142 410 2185 anno
435 2121 501 2184 629
529 2139 643 2182 censor
670 2140 737 2183 esse
755 2117 879 2207 potnit,
903 2139 1003 2207 quum
1026 2116 1085 2184 Cn.
1106 2116 1257 2187 Servilius
1276 2121 1393 2214 Caepio

326 2245 358 2299 et
384 2233 422 2299 L.
452 2229 576 2298 Cassius
596 2230 760 2320 Longinus
782 2231 919 2296 lustrum
941 2230 999 2297 LX
1024 2231 1238 2299 condiderunt
1259 2248 1288 2314 ⁴,
1311 2258 1393 2327 quo·

327 2368 398 2412 rum
420 2345 548 2411 nomina
569 2343 717 2432 fugerant
738 2343 908 2408 Ernestum
928 2354 961 2408 et
982 2341 1148 2413 Orellium.

372 2456 442 2523 Iam
470 2455 698 2523 recurrendum
726 2470 773 2522 est
797 2455 837 2522 ad
868 2455 1004 2523 lustrum
1026 2480 1180 2548 sequens,
1204 2459 1292 2549 quod
1312 2484 1393 2527 anno

326 2575 392 2638 634
412 2569 579 2637 conditum
598 2581 662 2648 est3
686 2580 719 2634 at
739 2568 870 2660 Pighius
890 2593 928 2636 en
946 2570 1129 2638 coniectura
1146 2571 1222 2638 huic
1240 2574 1394 2641 tribueret

327 2705 473 2749 censores
503 2681 539 2746 L.
570 2679 783 2770 Calpurnium
811 2681 957 2747 Pisonem
987 2681 1085 2771 Frugi
1105 2694 1136 2748 et
1157 2683 1196 2766 Q.
1218 2681 1394 2755 Caecilium

325 2793 496 2860 Metellum
528 2792 745 2872 Balearicum3
778 2792 893 2859 horum
925 2793 1047 2860 Pisonis
1078 2818 1195 2862 munus
1224 2812 1348 2869 constat
1369 2815 1394 2882 ⁵,

327 2930 403 2995 ergo
422 2916 529 2995 posset
546 2927 605 2995 pro
625 2904 754 2971 Metello
775 2905 941 2974 Serviliani
962 2930 1126 2987 censurae,
1152 2932 1234 2999 quae
1254 2934 1291 2977 ex
1311 2936 1394 2980 anno

327 3022 394 3088 618
421 3015 533 3083 cedere
559 3014 686 3098 debuit,
710 3018 819 3084 locum
843 3018 1006 3108 assignari3
1030 3019 1180 3110 equidem
1200 3020 1303 3111 Pigbii
1321 3047 1394 3090 sen-

328 3129 462 3196 tentiam
489 3126 662 3194 defendere
685 3129 808 3208 malim,
831 3152 905 3197 nam
937 3131 1007 3199 Piso
1026 3154 1138 3201 censor
1157 3133 1220 3201 init
1242 3138 1282 3203 13
1303 3139 1394 3205 annis

325 3254 399 3334 post
424 3242 644 3319 consulatum,
668 3240 820 3309 Metellus
842 3247 880 3323 3,
903 3265 986 3331 quae
1004 3244 1088 3311 ratio
1108 3245 1182 3311 satls
1202 3247 1395 3336 probabilis,

326 3367 436 3421 contra
447 3353 644 3421 Servilianos
654 3357 697 3421 22
707 3356 799 3421 annis
814 3367 888 3445 post
907 3356 1108 3422 consulatum
1129 3372 1317 3450 ceterosque
1332 3362 1396 3431 bo·

325 3490 419 3537 nores
434 3466 602 3557 splendide
613 3479 716 3555 gestos
732 3465 771 3531 ad
784 3488 948 3533 censuram
960 3469 1153 3558 pervenisset
1168 3482 1240 3560 post
1255 3485 1395 3562 quatuor

323 3582 422 3647 lustra
453 3579 586 3646 scilicet.
633 3578 683 3644 Ad
704 3602 785 3669 quos
807 3602 956 3647 numeros
976 3581 1002 3646 si
1025 3582 1212 3649 attendisset
1233 3583 1393 3667 Laurent,

323 3696 357 3760 in
377 3694 465 3759 fastis
483 3693 549 3759 suis
570 3715 636 3759 non
653 3690 865 3759 Seruilianum
886 3716 943 3784 pro
965 3693 1076 3761 Pisone
1094 3698 1281 3787 recepisset3
1305 3699 1393 3768 uude

325 3829 399 3876 vero
416 3805 533 3873 habeat
551 3828 696 3872 censores
716 3805 789 3872 illos
809 3805 989 3885 abdicasse,
1012 3830 1078 3875 non
1095 3832 1256 3900 assequor.
1285 3865 1293 3882 .

315 3981 317 3985 .
369 3921 519 4010 Denique
548 3942 664 3987 munus
692 3919 775 3985 illud
805 3920 839 3985 in
868 3919 1004 3986 dubium
1031 3923 1210 3991 vocandum
1231 3936 1294 4004 est,
1316 3948 1394 3995 nem

326 4046 548 4126 praeterquam
577 4031 664 4123 quod
685 4032 795 4098 nullus
814 4031 905 4101 locus
922 4033 973 4098 illi
993 4034 1143 4125 assignari
1162 4037 1280 4128 possit,
1305 4040 1390 4107 aliud

326 4146 405 4240 quid
434 4147 530 4213 unico
559 4145 680 4215 Valerii
707 4145 814 4213 obstat
842 4147 1043 4228 testimonio;
1074 4148 1161 4240 quod
1184 4152 1269 4221 enim
1291 4152 1332 4221 de
1350 4175 1393 4219 eo

353 4418 375 4485 ἱ)
391 4419 436 4470 nr.
452 4423 494 4470 el.
529 4415 551 4484 ²)
571 4416 611 4470 Ti.
627 4416 770 4471 Graecas.
805 4416 825 4486 ὅ)
842 4422 899 4471 Liv.
913 4422 980 4486 Epit.
994 4421 1069 4475 LIX.
1104 4421 1125 4490 ⁴)
1141 4423 1229 4477 Frons.
1244 4420 1357 4491 Amase.
1373 4432 1401 4477 8.

323 4504 343 4573 5)
359 4506 438 4556 Dion.
454 4503 516 4556 Hel.
533 4504 571 4557 11.
589 4510 637 4568 385
655 4506 724 4560 Plin.
743 4503 779 4557 H.
795 4503 832 4557 N.
851 4504 929 4559 XIII.
951 4513 996 4569 135
1013 4506 1116 4562 Censor.
1138 4512 1178 4561 17.
