3210 5300
543 448 565 531 0
586 448 615 510 t.
637 451 859 513 coerroneos.
1185 457 1245 519 306

176 669 285 715 omnes
305 666 399 711 nares
418 644 528 735 longas
546 643 721 714 Antiochus
740 646 864 714 tradere
886 647 1053 716 tenebatur
1069 672 1143 717 cum
1162 653 1240 719 selis

174 774 206 828 et
223 760 442 840 armamentis,
464 759 576 827 decem
595 771 720 826 tantum
741 762 895 853 exceptis3
911 762 1008 852 igitur
1020 764 1134 829 nullus
1149 765 1239 831 locas

174 888 242 942 erat
267 873 386 953 fraudi,
411 896 506 965 quam
527 873 636 939 Labeo
655 875 878 941 committeret.
927 877 982 957 At,
1005 878 1112 969 inquit
1133 878 1239 944 Dede·

174 986 242 1054 rich
265 1002 295 1067 ¹,
322 987 441 1054 Valerii
461 988 678 1054 testimonium
703 1010 770 1054 non
790 989 877 1055 omni
898 989 1029 1056 veritate
1049 989 1239 1059 destitutum

173 1114 238 1181 est,
271 1114 303 1168 et
331 1102 371 1168 de
399 1102 523 1193 privato
552 1101 790 1168 clandestinore
810 1100 962 1169 mandato
984 1103 1076 1170 Fabii
1097 1106 1238 1196 cogitare

172 1214 278 1293 iubet,
312 1225 348 1279 ut
377 1213 423 1278 sie
447 1213 553 1279 omnia
572 1212 783 1304 explicentur.
830 1211 905 1279 Non
923 1214 968 1279 ita
987 1236 1060 1305 ego,
1083 1238 1158 1282 nam
1179 1238 1238 1282 cur

171 1349 249 1420 prae
264 1326 362 1417 ipsius
377 1325 513 1393 foederis
526 1324 628 1393 serbis
640 1325 856 1417 praeferamus
868 1326 987 1393 Valerii
1002 1329 1238 1409 testImonium,

172 1440 230 1529 qui
250 1440 335 1506 male
354 1438 450 1505 tradit
471 1437 667 1506 Antiochum
687 1463 705 1505 a
725 1438 876 1505 Labeone
896 1463 963 1506 esse
983 1454 1181 1533 superatum,
1205 1455 1237 1510 et

173 1551 261 1618 a'tiud
292 1550 434 1618 eiusdem
464 1552 598 1618 astutiae
625 1550 855 1619 documentum
883 1553 1032 1633 serravit,
1061 1555 1149 1645 quod
1174 1568 1238 1622 sta·

174 1667 232 1732 tim
253 1677 265 1715 ²
289 1665 318 1732 ei
339 1663 522 1731 abiudicare
543 1665 685 1730 conabor
702 1676 734 1732 et
754 1664 810 1730 alii
830 1665 930 1732 Fabio
950 1666 1121 1737 vindicare.

220 1778 341 1846 Eadem
371 1778 574 1869 expeditione
603 1777 721 1844 Fabius
750 1779 870 1870 recepit
903 1778 1092 1847 Telmissum
1124 1782 1238 1849 urbem
1267 1819 1270 1824 ·

173 1892 290 1982 Lyciae
309 1892 517 1970 maritimam,
541 1890 648 1956 subito
663 1891 801 1957 adventu
818 1892 935 1958 territis
948 1894 1124 1985 oppidanis.
1154 1896 1239 1963 IIino

173 2005 288 2071 iuuetis
315 2005 470 2083 naribus,
500 2027 582 2096 quaa
612 2002 730 2094 Ephesi
756 2004 947 2094 reliquerat,
979 2028 1038 2096 per
1064 2007 1182 2074 insulas
1203 2011 1239 2075 in

174 2118 336 2185 Graeciam
369 2117 493 2183 traiecit
523 2115 728 2207 Athenasque
751 2119 854 2197 renit,
877 2117 963 2184 unde
985 2130 1083 2185 totam
1106 2121 1237 2190 classem

170 2233 204 2298 in
225 2233 352 2299 Italiam
373 2232 508 2298 reduxit.

219 2346 354 2413 Fabium
381 2334 525 2411 nostrum
553 2343 753 2435 triumphum
772 2345 917 2412 noralem
937 2346 1036 2435 egisse
1055 2368 1093 2412 ex
1111 2345 1202 2415 Livio
1224 2359 1236 2397 ⁸

172 2460 332 2526 coniicere
350 2460 440 2538 lieet,
464 2459 521 2526 nbi
536 2460 672 2527 Manlius
690 2483 707 2525 a
725 2459 874 2550 Scipione
892 2461 1043 2527 Africano
1058 2474 1237 2542 accusatus,

169 2573 212 2639 de
241 2572 371 2639 foedere
400 2595 474 2639 cum
503 2572 667 2640 Antiocho
696 2572 791 2638 rerba
821 2573 940 2640 faciens
973 2573 1062 2640 addit
1092 2575 1237 2641 tribunos

169 2686 372 2779 impedirisse
410 2685 448 2770 Q.
477 2684 614 2753 Fabium
647 2684 831 2752 Labeonem
862 2686 1129 2778 triumphantem,
1162 2712 1237 2755 enm

172 2822 246 2866 sero
275 2822 339 2866 nou
368 2798 557 2866 deterritum
586 2798 711 2865 duxisse
738 2800 955 2892 triumphum,
990 2823 1086 2893 quem
1114 2803 1237 2868 inimici

166 2911 261 2977 istius
290 2911 452 2977 iactabant
479 2911 608 3002 gessisse
636 2909 757 2976 bellum
785 2900 1010 2991 neumatum,
1042 2913 1161 3005 qnippe
1180 2916 1237 3006 qni

166 3023 296 3090 hostem
315 3023 441 3088 nullum
462 3022 601 3089 vidisset.
646 3021 735 3087 Haec
756 3023 934 3089 criminatio
953 3023 1034 3090 mihi
1053 3027 1098 3091 sic
1116 3029 1238 3119 aecipi-

167 3136 254 3203 enda
281 3135 421 3216 ridetur,
455 3147 491 3201 ut
517 3147 640 3201 ceterae
664 3134 868 3215 iactationes,
893 3158 970 3226 quas
988 3137 1106 3204 milites
1125 3139 1157 3204 io
1179 3142 1237 3205 tri·

168 3248 295 3341 umpho
323 3261 450 3315 eantare
479 3247 642 3329 solebant3
674 3271 740 3314 non
768 3249 871 3313 mnltn
894 3250 979 3315 enirn
1001 3263 1153 3340 gesserat,
1177 3275 1238 3319 nee

168 3375 280 3429 tamen
302 3361 410 3429 deerat
436 3359 654 3453 triumphandi
677 3373 914 3450 argumentum,
937 3365 1076 3455 captivos
1095 3365 1182 3430 enim
1203 3367 1236 3432 in

166 3473 266 3541 Creta
278 3476 468 3542 liberaverat
478 3474 824 3564 hostiumqueolassem
842 3473 1013 3557 deleverat,
1024 3500 1148 3544 necnon
1162 3479 1237 3544 Tel-

162 3589 300 3656 missum
333 3601 469 3681 ceperat.
518 3587 619 3672 Quam
654 3612 727 3655 rero
756 3589 887 3655 alteram
917 3589 1136 3682 triumphandi
1159 3614 1236 3657 oau-

162 3725 236 3770 sam
265 3703 409 3769 Valerius
438 3702 546 3768 Antias
569 3702 735 3793 proposuit
760 3702 845 3792 apud
864 3703 989 3770 Livium
1011 3716 1041 3784 ⁴,
1066 3705 1133 3770 noli
1152 3707 1238 3771 acci·

161 3837 265 3909 pere;
294 3815 426 3881 tradidit
452 3838 567 3906 nempe
594 3813 766 3903 Gortynios
787 3837 851 3880 non
874 3827 1000 3882 tentum
1020 3840 1056 3883 ex
1078 3817 1238 3885 Labeonis

160 3929 323 4013 amandato
352 3930 526 3996 reddidisse
551 3929 706 4021 captivos,
740 3948 850 3993 rerum
872 3933 959 3996 4000
978 3930 1175 4021 captivorum
1195 3934 1238 3998 ab

161 4065 209 4109 eo
239 4066 275 4109 ex
304 4055 369 4110 tota
397 4043 500 4110 insula
520 4041 644 4109 reddita
663 4064 746 4121 esse,
770 4064 868 4131 quum
890 4040 1055 4107 Cretenses
1076 4041 1156 4109 belli
1174 4044 1236 4110 mi·

162 4178 225 4224 nas
252 4157 416 4236 timerent,
450 4155 536 4246 qnod
566 4157 697 4221 unicum
726 4154 776 4221 illi
804 4152 1025 4244 triumphandi
1053 4155 1115 4221 iuit
1141 4180 1236 4248 argu·

198 4429 328 4495 ¹)2Pr09r.
342 4446 420 4497 gyrari.
434 4426 512 4479 Eram.
534 4431 615 4487 1852,
634 4443 658 4493 p.
678 4433 719 4479 26.
773 4424 793 4494 ²)
810 4426 849 4478 CI.
868 4428 884 4491 ξ
899 4432 914 4476 9
932 4426 1129 4494 horoscopicis,
1147 4433 1242 4495 pete.

150 4516 178 4586 ⁵)
201 4516 360 4569 XXXVIII.
379 4519 422 4566 47.
474 4511 495 4582 ⁴)
514 4511 660 4563 XXXVII.
680 4517 722 4565 60.
