3210 5300
549 429 571 509 5
592 430 639 491 16.
660 446 768 493 consen
790 431 825 491 V.
845 428 914 491 459.
1210 432 1270 495 283

202 621 325 702 caruit;
348 634 424 687 tunc
444 621 529 688 enim
550 622 698 688 omnihus
720 623 819 713 copiis
841 622 982 690 collectis
1003 623 1158 714 impetum
1180 623 1269 691 dedit

203 736 235 801 in
257 734 397 814 hostem,
423 757 518 825 quern
539 734 698 802 Samnites
714 759 778 802 non
796 736 1031 816 sustinuerunt,
1055 747 1167 801 contra
1185 736 1269 803 Galli

203 848 363 919 testudine
382 848 466 916 lacta
486 847 601 939 pedem
632 871 695 915 uon
722 861 905 929 moverunt,
929 849 1032 915 donec
1052 873 1069 914 a
1088 847 1268 938 Campano-

203 985 275 1028 rum
295 964 344 1028 ala
364 961 574 1028 circumuenti
593 974 677 1029 sunt.
723 962 870 1052 Denique
889 962 1011 1029 Gellius
1031 962 1185 1052 Egnatius
1204 962 1268 1028 dur

203 1074 395 1142 Samnitium
426 1075 557 1154 cecidit,
585 1098 686 1166 quum
714 1075 851 1142 Romani
878 1088 979 1141 castra
1004 1075 1139 1165 aggressi
1165 1087 1269 1155 erant3

204 1187 258 1254 bic
281 1188 353 1255 huis
377 1187 439 1254 luit
458 1188 645 1255 atrocissimi
666 1187 800 1279 proelii,
825 1188 911 1254 Galli
934 1189 1051 1279 partim
1071 1188 1153 1254 caesi
1176 1199 1270 1268 sunt,

204 1302 372 1393 partimin
392 1326 481 1369 suam
502 1301 636 1392 patriam
660 1324 692 1367 se
713 1313 903 1392 receperunt
924 1300 989 1366 sire
1009 1322 1065 1392 per
1089 1301 1270 1368 Ariminum

205 1416 342 1496 saltum,
375 1428 410 1483 ut
438 1413 603 1481 llaalrhius
632 1414 715 1493 rult,
739 1415 803 1481 sire
821 1437 879 1504 per
898 1413 1007 1480 aliurn.

247 1527 325 1595 Ideo
360 1529 477 1596 summi
505 1528 661 1594 momenti
689 1527 751 1594 luit
780 1526 861 1595 haec
888 1550 1012 1618 pugna,
1044 1527 1133 1617 quod
1163 1528 1271 1618 Egna-

204 1642 267 1707 tius
289 1641 472 1720 cecidisset,
495 1653 623 1707 strenue
640 1640 695 1706 ille
716 1641 840 1706 virtutis
856 1639 1003 1707 militaris
1019 1638 1269 1732 haudquaquam

204 1777 313 1844 expers
339 1755 474 1845 patriam
509 1754 695 1821 defenderat
723 1754 890 1843 sociosque
921 1753 1124 1819 submoverat
1158 1767 1270 1821 contre

203 1890 335 1957 parrum
363 1868 454 1935 illurn
481 1868 656 1957 populum,
691 1868 747 1957 qui
778 1864 930 1958 deinceps
956 1880 1056 1933 totam
1086 1868 1269 1938 devinceret

203 1981 349 2058 ltaliam;
373 1979 436 2044 hoe
461 1979 543 2046 duce
566 2002 658 2045 caeso
680 1981 780 2045 fracta
801 1991 868 2046 erat
889 1980 934 2046 ris
953 1978 1145 2046 Samnitium
1166 1996 1198 2049 et
1217 2006 1270 2048 so-

203 2094 271 2159 luta
292 2092 424 2158 societas
453 2116 525 2158 cum
551 2092 649 2159 Gallis
669 2106 700 2158 et
721 2092 844 2171 Tuscis,
870 2104 901 2158 et
923 2092 968 2157 sie
989 2093 1114 2158 facilius
1134 2095 1272 2159 Romani

203 2229 257 2273 eos
277 2205 444 2272 devincere
463 2217 647 2295 potuerunt.
695 2205 779 2271 Huic
799 2206 844 2270 rei
865 2205 987 2284 tribuo,
1005 2205 1091 2295 quod
1109 2204 1269 2271 Samnites

202 2319 335 2385 domurn
363 2317 532 2384 redeuntes
561 2318 677 2409 partim
708 2342 726 2383 a
756 2317 894 2407 Pelignis
923 2317 957 2382 in
985 2317 1099 2385 itinere
1122 2318 1270 2408 impediti

124 2506 125 2510 η
202 2432 318 2522 partim
331 2455 348 2496 a
360 2430 495 2497 Claudio
518 2444 550 2497 et
571 2431 744 2497 Volumnio
762 2430 874 2496 itidem
895 2431 1034 2520 superati
1054 2429 1163 2497 sintin
1182 2443 1269 2496 atro·

202 2545 329 2609 cissimo
347 2543 486 2634 proelio,
511 2565 611 2633 quum
631 2566 668 2608 er
685 2543 902 2607 Romanorum
923 2542 1063 2606 exercitu
1080 2543 1168 2606 2700
1186 2544 1270 2608 caesi

204 2669 278 2722 sunt
300 2678 338 2721 ac
361 2679 398 2722 er
422 2655 530 2720 hostili
553 2654 620 2720 acie
648 2657 756 2723 16300
779 2667 811 2720 et
835 2657 923 2722 2700
949 2654 1043 2743 capti.

248 2770 366 2835 Fabius
389 2770 502 2834 funere
520 2768 663 2857 collegae
681 2768 741 2833 rite
760 2767 922 2834 celebrato
942 2766 1045 2858 spolia
1061 2765 1129 2831 Ioui
1148 2766 1270 2834 Victori

202 2884 369 2963 cremavit,
388 2881 476 2973 quod
495 2881 540 2947 sic
558 2882 685 2948 ridetur
695 2880 918 2971 accipiendum
935 2879 1269 2958 esse‚Romaoos'non

200 2996 340 3086 potuisse
360 2995 462 3086 spolia
482 3017 590 3061 secum
607 2995 705 3073 ferre,
724 2994 788 3060 sire
807 2993 847 3060 ab
866 2993 1012 3060 hostibus
1030 2992 1178 3082 impediti
1197 2994 1270 3061 lue·

201 3111 281 3188 rint,
305 3109 370 3175 siro
389 3108 487 3173 nimia
515 3108 605 3175 clade
623 3109 685 3199 ipsi
705 3106 824 3174 allecti.
870 3106 943 3172 Non
963 3105 1113 3171 abhorret
1134 3106 1270 3196 suspicio

200 3222 336 3288 eandem
367 3243 492 3287 causam
522 3220 672 3285 Rulliano
694 3219 805 3298 luisse,
831 3242 932 3310 quum
956 3219 1104 3307 magister
1125 3220 1269 3308 equitum

200 3335 301 3426 spolia
331 3333 436 3400 omnia
465 3335 680 3400 concremarit
700 3346 729 3412 ¹,
761 3334 820 3399 nisi
850 3332 934 3398 forte
953 3355 991 3397 ex
1012 3331 1072 3396 hac
1091 3354 1163 3397 vera
1184 3331 1269 3399 fama

200 3449 301 3517 altera
321 3449 360 3513 sit
379 3447 513 3537 repetita
537 3447 660 3512 etiamsi
680 3445 765 3536 apud
785 3447 942 3512 Pictorem
964 3456 976 3493 ²
998 3445 1166 3534 legeretur.

246 3560 372 3627 Interea
391 3573 596 3651 propraetore
614 3559 671 3627 Gn.
691 3560 820 3625 Fuluius
837 3559 986 3625 Etruscos
1005 3557 1137 3636 devicit,
1155 3578 1275 3646 nempe·
1385 3546 1386 3549 ¹

201 3697 275 3740 cum
307 3673 464 3738 Perusinis
487 3686 519 3739 et
540 3672 679 3739 Clusinis
700 3673 863 3762 pugnavit.
910 3670 974 3737 Sed
994 3670 1078 3736 uaria
1098 3681 1130 3734 et
1149 3669 1270 3735 incerta

201 3788 286 3853 fama
318 3786 395 3866 fuit,
429 3787 619 3877 quibusnam
651 3784 730 3851 baec
758 3798 789 3850 et
816 3785 871 3850 illa
894 3784 1088 3851 tribueretur
1124 3782 1270 3863 victoria,

201 3900 290 3991 quod
320 3900 463 3966 solemne
491 3912 539 3965 est
568 3900 602 3964 in
632 3898 762 3964 historia
790 3898 950 3977 Romana3
973 3908 1005 3964 et
1032 3907 1117 3963 recte
1138 3896 1269 3962 omnino

202 4013 368 4103 subiungit
398 4011 506 4078 Livius
534 4010 689 4102 quosdam
718 4009 863 4100 augendo
893 4010 989 4076 fidem
1010 4031 1187 4099 superasse,
1212 4009 1269 4099 qui

201 4127 340 4193 Umbros
369 4138 400 4192 et
423 4126 541 4191 Tuscos
560 4148 690 4215 quoque
710 4146 866 4214 pugnasse
891 4123 1018 4189 tradunt
1039 4122 1072 4186 in
1093 4145 1167 4211 agro
1185 4120 1268 4189 Seu·

202 4241 316 4318 tinate,
339 4241 384 4306 ita
403 4251 439 4305 ut
459 4242 579 4318 4⁰‚330
608 4238 746 4329 pedites,
771 4241 859 4305 6000
888 4236 1011 4327 equites
1031 4246 1063 4300 ct
1090 4235 1180 4301 mille
1199 4257 1269 4301 car·

231 4494 241 4531 ¹
269 4496 308 4548 cr.
328 4498 373 4561 §a
391 4495 582 4561 huiuscene,
600 4512 625 4561 p.
640 4502 699 4549 sar.
750 4493 772 4563 2)
789 4494 1273 4561 cf.Q.Pics.sragm.xXJx,p.1so.
