3190 5304
647 497 816 543 rut-:sus

704 716 743 781 X.

233 899 271 983 Q.
302 896 425 963 Tullius
451 896 564 963 Cicero
588 895 622 960 in
641 895 778 986 epistola
794 894 830 962 C.
852 897 952 962 ratio
970 897 1059 977 data,
1083 920 1180 988 quam
1203 896 1252 961 af·

187 1012 249 1077 lert
266 1009 307 1077 M.
319 1008 443 1075 Tullius
462 1010 512 1074 ad
529 1007 642 1096 Queat.
648 1010 766 1095 fratr.
784 1010 809 1073 l.
828 1013 858 1075 2.
879 1011 898 1072 2
916 1011 934 1094 §
952 1013 991 1089 6,
1009 1009 1122 1073 annuit
1140 1031 1261 1077 necem.

188 1122 225 1191 C.
250 1122 341 1189 Fabii
368 1121 541 1200 Hadriani3
571 1143 632 1187 nec
653 1119 956 1215 crediderimtillum
980 1122 1077 1188 fuisse
1096 1146 1170 1188 eum
1190 1122 1252 1187 ra-

188 1236 296 1315 bium,
321 1234 375 1326 qui
398 1233 434 1319 Q.
458 1234 564 1299 Tullio
586 1234 677 1300 Asiae
697 1235 836 1324 praetori
856 1235 1018 1301 successit.

699 1414 754 1482 xt.

235 1572 328 1664 Apud
357 1573 543 1640 Ciceronem
569 1574 620 1638 ad
643 1572 757 1661 Quint.
773 1576 885 1663 fratr.
904 1575 930 1640 1.
952 1578 982 1640 2.
1005 1576 1064 1659 2.§
1084 1576 1121 1638 6:
1156 1571 1253 1639 »ldae

188 1689 342 1755 »litterae
361 1686 418 1752 abs
441 1698 473 1751 te
492 1709 550 1776 per
568 1687 675 1752 iocum
696 1687 809 1753 missae
827 1687 875 1752 ad
896 1685 932 1754 C.
951 1686 1122 1764 Fabium'’,
1143 1685 1254 1751 riden-

187 1813 240 1867 tur
267 1800 326 1865 trie
351 1798 462 1864 ultima
482 1798 636 1864 vocabula
657 1822 695 1864 ex
717 1799 858 1888 margine
878 1799 1038 1888 irrepsisse
1057 1799 1193 1890 repetita
1213 1821 1251 1863 er

187 1912 462 2004 praecedentibus.

685 2067 758 2134 ΧΠ.

234 2249 326 2336 Quod
348 2249 487 2318 Orellius
508 2249 680 2318 Onomast.
702 2248 787 2316 Tull.
809 2275 841 2340 p.
863 2250 1103 2329 2451tabtum,
1127 2249 1251 2339 dequo

185 2362 298 2431 Cicero
318 2366 368 2430 ad
385 2366 458 2432 Art.
479 2366 519 2431 ll
542 2367 556 2429 1
580 2366 598 2448 §
621 2370 655 2442 5,
681 2361 818 2429 Clodiae*
829 2363 943 2430 dixerit
959 2363 1157 2444 adulterum,
1181 2364 1250 2428 ool-

186 2477 243 2568 ligi
262 2479 375 2569 nequit
394 2501 432 2544 er
452 2478 548 2543 unico
567 2477 624 2543 illo
642 2477 736 2542 huius
758 2478 803 2543 rei
824 2478 1032 2553 testimonio„

677 2658 768 2726 XIII.

229 2818 328 2885 Fabia
350 2816 503 2894 Vestalis,
527 2838 616 2881 soror
638 2816 803 2882 Terentiae
826 2814 988 2882 Ciceronis
1009 2815 1129 2894 uxoris,
1152 2840 1249 2906 quam

185 2931 323 2999 Catilina
353 2928 537 2995 adolescens
569 2941 727 3019 stuprasse
757 2929 966 3019 arguebatur,
1000 2929 1094 3018 culpa
1124 2952 1249 2996 vacasse

183 3045 327 3122 ridetur3
350 3042 426 3111 Sall.
451 3040 525 3107 Cat.
549 3047 609 3122 15;
630 3043 701 3110 Asc.
722 3044 772 3109 ad
792 3046 859 3111 Cic.
878 3048 915 3109 in
934 3053 999 3134 tog.
1020 3044 1118 3110 cond.
1138 3069 1169 3133 p.
1190 3047 1250 3124 933

184 3156 275 3227 Oros.
300 3156 350 3224 Vl.
370 3161 401 3222 3.

673 3289 757 3359 XIV.

228 3440 418 3508 Plutarchus
444 3440 478 3507 in
505 3444 578 3505 vila
611 3438 727 3508 Calon.
754 3445 833 3506 min.
863 3443 903 3506 19
930 3440 1056 3508 miscuit
1077 3439 1250 3508 Catilinam

182 3580 267 3622 anno
298 3560 363 3625 688
393 3579 431 3621 er
464 3555 568 3621 Africa
597 3567 775 3645 praetorem
801 3553 951 3621 reducem
973 3579 991 3619 a
1017 3554 1050 3620 P.
1072 3553 1186 3620 Clodio
1206 3553 1247 3619 de

183 3669 368 3761 repetundis
394 3670 427 3734 in
457 3668 506 3734 ius
533 3680 682 3734 vocatum
710 3667 914 3758 eundemque
943 3690 1026 3733 anno
1047 3671 1112 3734 683
1134 3668 1248 3733 incesti

181 3795 364 3850 accusatum
390 3807 407 3847 a
431 3781 538 3849 nescio
562 3805 638 3872 quo.

682 3909 752 3975 XV.

227 4060 371 4127 Nimium
396 4062 457 4127 sibi
481 4073 628 4142 sumunt,
647 4061 702 4152 qui
723 4085 760 4126 ex
780 4059 943 4126 Ciceronis
965 4059 1067 4125 verbis
1092 4059 1142 4124 ud
1153 4060 1244 4147 fam.
1275 4075 1280 4083 “

180 4173 266 4242 xlv.
299 4179 318 4239 2
348 4178 366 4260 §
396 4178 416 4238 2
445 4174 485 4240 de
513 4176 660 4240 Terentia
688 4198 743 4239 sua
772 4173 936 4238 »maximo
964 4195 1037 4237 cum
1065 4172 1143 4237 fletu
1164 4168 1246 4261 legi,

178 4286 487 4377 »quemadmodum
507 4313 531 4352 a
561 4288 689 4353 Vestae
718 4288 756 4352 ad
787 4285 931 4351 tabulam
962 4285 1123 4350 Valeriam
1148 4284 1244 4351 ducta

180 4404 319 4479 »csses'',
356 4399 514 4490 colligunt
551 4401 714 4470 Terentiae
749 4424 888 4468 sororem
921 4397 1053 4465 Fabiam
1085 4397 1244 4466 Vestalem

180 4513 287 4582 adhuc
309 4515 341 4580 in
366 4514 442 4581 rivis
463 4514 569 4583 fuisse.
