3212 5294
355 407 414 467 272
497 424 524 474 o.
545 424 646 468 ruerus
668 424 700 468 u.
721 426 748 469 r.
771 424 799 471 n.
821 425 849 471 n.
870 425 1000 470 narrans
1021 427 1184 472 adamanus
1205 411 1280 494 (17).

355 603 422 667 sani
442 616 522 669 esset
543 603 605 669 boc
626 603 892 695 impedimentum
922 604 1037 671 afferre
1064 620 1174 673 contra
1203 606 1358 674 honorem
1388 612 1420 676 in

354 716 488 782 Fabium
511 717 662 783 delatum.
705 716 773 783 Nec
792 719 906 784 melius
926 742 958 784 se
978 719 1074 786 habet
1094 722 1229 788 alterum
1249 746 1421 813 argumen-

354 842 441 910 tum,
475 831 620 896 Rulliani
648 843 783 898 aetatem
811 832 903 913 dioo,
927 856 1002 898 nam
1031 835 1081 900 rel
1113 836 1204 900 tertio
1232 859 1317 902 anno
1345 850 1418 928 post

353 943 448 1033 gessit
466 945 670 1010 consulatum
689 956 774 1011 totns
800 946 834 1010 iu
864 947 966 1011 armis.
1016 945 1091 1030 Quis
1122 970 1239 1037 quaeso
1268 972 1332 1014 non
1361 973 1418 1038 ag·

351 1069 460 1123 noscet
479 1057 559 1123 haec
585 1059 730 1149 suppleta
758 1081 825 1124 esse
855 1070 887 1125 et
919 1071 1029 1126 ornata
1049 1084 1067 1125 a
1084 1062 1216 1149 posteris
1241 1062 1347 1128 minus
1369 1062 1419 1128 le-

351 1170 479 1236 liciter?

398 1287 525 1352 Bellum
547 1287 716 1352 Etruscum
736 1308 822 1352 nunc
840 1310 907 1352 uon
922 1288 1127 1366 movebatur,
1148 1289 1188 1352 ab
1204 1288 1314 1354 Sutrio
1331 1288 1416 1354 enirn

352 1413 383 1467 et
411 1399 535 1491 Nepete
563 1413 594 1465 et
622 1400 755 1466 Faleriis
783 1400 880 1490 legati
907 1400 948 1466 de
975 1423 1053 1492 pace
1074 1412 1240 1479 venerunt,
1264 1403 1309 1468 ita
1329 1415 1364 1467 ut
1383 1404 1416 1467 iu

353 1512 510 1580 Samnites
541 1525 608 1578 tota
638 1513 715 1578 belli
744 1514 843 1579 moles
871 1515 972 1579 averti
1000 1527 1118 1606 posset.
1174 1514 1331 1582 adversus
1357 1515 1415 1583 bos

351 1627 467 1693 Decius
481 1627 643 1718 proiectus
662 1639 708 1692 est
727 1649 785 1716 per
806 1625 985 1693 Sidicinum
1005 1651 1116 1717 agrum
1127 1628 1337 1694 Maleventum
1357 1654 1415 1721 pe·

352 1741 483 1818 titurus,
515 1741 632 1805 Fabius
661 1738 819 1805 Soranum
849 1763 959 1830 agrum
993 1742 1132 1820 traiecit,
1166 1739 1354 1832 hostemque
1381 1745 1414 1808 in

352 1855 479 1919 occulta
510 1853 594 1919 ralle
624 1853 744 1918 invenit
771 1851 811 1916 ad
840 1852 1022 1932 Tifernum,
1052 1853 1090 1918 ad
1116 1877 1253 1943 quorum
1279 1855 1414 1922 latebras

351 1966 507 2057 quadrato
527 1966 652 2055 agmine
672 1964 810 2042 accedit,
832 1965 889 2029 ubi
908 1978 1014 2031 tamen
1034 1967 1067 2032 in
1086 1979 1229 2056 apertum
1245 1967 1413 2036 discrimen

350 2102 398 2145 res
429 2078 568 2144 adducta
597 2090 654 2144 est.
700 2078 833 2167 Magnus
862 2076 1002 2143 hostiurn
1029 2101 1179 2146 numerus
1204 2096 1413 2161 convenerat,

350 2192 467 2258 Fabius
485 2193 517 2258 in
537 2192 682 2282 equitum
701 2192 814 2256 turmis
833 2191 952 2257 bonam
974 2193 1084 2258 salutis
1104 2205 1226 2282 partem
1246 2211 1412 2286 posuerat,

346 2328 460 2395 parum
496 2317 602 2372 autern
632 2317 811 2370 nocuerunt
843 2330 860 2370 a
894 2304 1092 2372 Samnitibus
1123 2308 1261 2398 repulsi3
1295 2310 1412 2375 Fabius

349 2419 481 2485 iusserat
513 2431 520 2468 ¹
556 2419 700 2507 legatum
729 2441 820 2484 suum
842 2417 1025 2509 Scipionem
1046 2441 1118 2486 cum
1143 2418 1273 2487 hastatis
1292 2423 1412 2512 primae

350 2531 481 2622 legionis
502 2531 623 2597 hostern
646 2531 901 2610 circumducere,
917 2532 973 2622 qui
990 2555 1090 2622 quum
1110 2556 1127 2596 a
1146 2545 1234 2622 tergo
1251 2557 1412 2624 aggressus

347 2657 431 2711 esset
448 2642 571 2720 hostes,
587 2642 621 2706 iu
641 2641 748 2730 lugam
760 2641 903 2731 dissipati
918 2654 1007 2720 sunt,
1023 2648 1111 2710 3400
1127 2646 1226 2723 oaesi,
1244 2651 1309 2713 838
1327 2649 1411 2738 capti

345 2758 501 2846 signaque
527 2759 581 2819 23.
628 2753 771 2818 Fortasse
797 2765 874 2820 tunc
895 2754 1070 2835 acciderat,
1094 2756 1181 2846 quod
1202 2759 1374 2825 Frontinus
1397 2773 1410 2811 ²

345 2895 366 2934 a
388 2866 539 2932 Rulliano
559 2863 680 2928 facturn
698 2886 765 2928 esse
785 2864 897 2942 tradit,
921 2889 958 2931 ex
976 2865 1100 2934 duabus
1116 2869 1308 2958 legionibus,
1329 2895 1410 2961 quaa

347 2983 420 3046 loco
439 2987 614 3053 cesserant,
639 2975 765 3042 vicenos
784 2990 868 3043 sorte
887 2978 1000 3044 ductos
1019 2980 1052 3044 in
1078 2995 1250 3072 conspectu
1269 2984 1409 3051 militurn

344 3094 450 3159 securi
470 3114 538 3158 esse
561 3112 737 3180 percussos.
775 3089 900 3158 Interea
919 3091 1036 3158 Decius
1057 3094 1174 3183 Apulos
1191 3096 1229 3161 ad
1249 3097 1409 3164 Maleven-

347 3221 417 3273 tum
438 3205 633 3281 detinuerat,
658 3227 697 3268 ne
717 3202 914 3270 Samnitibus
934 3229 967 3271 se
983 3206 1165 3296 iungerent,
1183 3211 1299 3299 quibus
1317 3212 1407 3277 victis

343 3320 525 3411 lugatisque
556 3318 590 3381 in
618 3316 785 3382 Samnium
815 3317 904 3383 duxit
935 3319 1092 3409 legiones,
1126 3345 1221 3411 quarn
1247 3325 1407 3413 regionem

345 3446 445 3498 totam
475 3430 607 3497 vastarit
636 3453 710 3496 cum
737 3430 837 3497 Fabio
867 3432 983 3499 crebris
1013 3433 1285 3523 expeditionibus,
1308 3438 1353 3503 ita
1372 3452 1406 3503 ut

344 3547 460 3612 Decius
489 3544 640 3634 deinceps
668 3544 702 3608 in
733 3548 775 3610 45
805 3544 884 3610 locis
914 3558 1014 3612 castra
1042 3545 1204 3627 babuerit,
1236 3549 1353 3616 Fabius
1373 3552 1404 3616 in

339 3638 402 3740 86,
435 3659 491 3749 qui
518 3657 629 3723 urbem
661 3656 833 3724 Cimetram
855 3660 942 3749 cepit
960 3671 992 3725 et
1011 3672 1088 3726 tunc
1109 3661 1243 3728 Romam
1263 3687 1406 3730 reversus

340 3788 390 3841 est
409 3784 541 3864 propter
560 3772 696 3837 comitia.
736 3771 826 3837 Tunc
845 3772 961 3838 iterum
981 3773 1082 3840 fertur
1101 3797 1174 3842 cum
1194 3778 1316 3867 populo
1334 3799 1404 3844 oer-

342 3901 438 3964 tasse,
461 3885 517 3975 qui
535 3884 577 3950 de
599 3907 683 3950 noro
703 3885 799 3951 vellet
822 3886 855 3950 in
880 3909 955 3952 eum
978 3886 1122 3952 conlerre
1142 3887 1315 3968 honorem,
1339 3915 1400 3956 nou
1488 3876 1491 3881 ‚

334 4013 450 4066 ,tamen
478 4010 602 4064 oreatus
631 4009 694 4076 est,
724 3999 798 4087 quia
823 3998 905 4090 App.
926 3998 1078 4066 Claudius
1099 4002 1272 4068 consularis
1293 4003 1401 4069 candi·

341 4112 434 4177 datus
462 4123 530 4177 erat
555 4110 727 4176 admodum
757 4111 937 4202 popularis,
967 4136 1026 4179 nec
1045 4114 1125 4180 duos
1145 4116 1294 4208 patricios
1313 4117 1401 4210 plebs

342 4224 437 4289 facile
461 4235 605 4290 creasset.

368 4481 388 4551 ¹)
405 4483 493 4534 Front.
512 4477 590 4533 Strui.
608 4484 644 4536 11.
665 4488 680 4532 4
699 4487 713 4548 ς
732 4490 756 4534 2.
826 4482 846 4554 ²)
865 4481 942 4535 Strut.
961 4488 1010 4540 1v.
1032 4493 1054 4538 l.
1074 4490 1089 4551 5
1106 4447 1160 4539 35.
