3212 5294
324 444 353 494 o.
366 443 467 487 rrvrus
478 444 509 487 a.
521 444 548 486 r.
560 442 588 486 n.
600 441 628 485 n.
640 421 820 504 sorrow).
833 423 855 505 5
869 424 896 486 l.
914 441 1065 493 eurrsron
1076 422 1147 486 568.
1207 424 1263 485 utt

194 622 232 688 de
261 622 423 700 buteone,
456 621 525 687 lieri
552 631 658 710 potest
681 632 804 686 utrem
825 618 929 685 miuus
949 618 1087 687 feliciter
1107 619 1256 710 gesserim

192 736 329 826 denique
357 735 481 801 bellurn
509 733 589 799 illud
623 731 703 798 adeo
731 732 905 823 gliscebat,
928 745 964 799 ut
982 733 1158 801 consularis
1176 756 1253 823 pro·

192 849 293 915 vincia
318 849 403 914 lanta
428 848 484 925 sit,
512 868 596 937 quae
615 846 656 911 ll.
679 846 791 913 Poroio
812 844 926 912 Catoni
946 847 1078 915 obvenit
1098 870 1184 914 unae
1202 869 1253 912 se·

194 963 304 1052 quenti
331 975 354 1031 ¹.

607 1148 811 1164 Μ

577 1328 758 1402 CAPUT
788 1328 871 1401 VII.

313 1522 456 1583 ovrnvus
478 1523 595 1571 eratus
619 1504 683 1593 (u.)
707 1523 736 1571 r.
761 1503 820 1592 (n.)
847 1523 877 1570 n.
903 1520 1011 1571 nervo
1038 1504 1067 1593 (t
1077 1506 1123 1588 4).

510 1688 529 1772 §
556 1689 582 1752 l.
634 1686 800 1776 Quaestor
824 1689 889 1753 568
915 1697 938 1752 ².

231 1869 270 1953 Q.
292 1868 409 1935 Fabius
426 1879 626 1958 quaestores
645 1867 796 1960 Hispania
813 1868 914 1935 fertur
932 1888 1073 1934 reversas
1085 1889 1153 1933 assa
1168 1889 1252 1932 anno

188 1986 272 2060 569,
305 1982 346 2047 de
375 2004 440 2072 quo
460 1982 506 2047 nil
527 1982 663 2072 amplius
688 1983 846 2061 innotuit,
871 2004 968 2073 quarn
989 1985 1033 2050 80
1055 1980 1165 2072 pondo
1186 1981 1255 2046 suri

185 2094 227 2158 ab
256 2115 295 2158 eo
326 2117 363 2159 ex
393 2093 556 2183 provincia
587 2092 722 2158 Romam
751 2115 818 2158 esse
847 2092 970 2171 deleta3
1004 2092 1157 2182 suspicari
1178 2093 1255 2161 linet

185 2205 325 2271 eundern
345 2205 461 2285 luisse,
484 2206 542 2296 qui
561 2216 690 2296 praetor
710 2210 790 2283 573,
815 2216 862 2270 tot
882 2200 967 2270 enirn
987 2204 1061 2268 enni
1079 2203 1253 2269 interillos

185 2320 325 2385 honores
356 2318 459 2384 solent
479 2318 638 2384 interesse.
684 2316 725 2383 dt
746 2341 830 2383 anuo
850 2322 915 2384 573
938 2315 1068 2381 luerunt
1092 2328 1253 2405 praetores

186 2431 224 2516 Q.
237 2432 356 2496 Fabius
368 2430 521 2497 Maximus
535 2433 604 2520 (43)
627 2442 658 2497 et
679 2441 785 2496 noster
804 2432 926 2509 Bute03
941 2428 1081 2494 difficilis
1091 2429 1256 2518 estoptio,

185 2543 318 2634 Pighius
339 2544 379 2609 de
399 2543 536 2609 Maximo
559 2544 616 2608 illo
636 2544 806 2633 cogitarit,
825 2564 964 2633 eumque
985 2543 1129 2632 sequitur
1149 2541 1256 2608 Dede·

180 2657 272 2736 rich,
296 2655 446 2747 equidem
468 2657 645 2723 Buteonem
673 2656 836 2748 praefero,
868 2656 991 2723 etiamsi
1015 2656 1095 2721 ratio
1122 2656 1253 2725 incerta.

229 2771 341 2836 Multis
361 2771 428 2837 eius
448 2783 539 2861 pater
557 2770 723 2837 videbatur
744 2769 779 2854 Q.
792 2769 909 2834 Fabius
930 2768 1031 2835 Buteo
1048 2768 1116 2859 (39)
1128 2781 1254 2859 praetor

184 2888 273 2965 5583
308 2883 361 2950 sed
388 2889 427 2950 15
449 2894 572 2949 tanturn
602 2907 701 2950 annos
727 2885 825 2975 patris
853 2882 956 2948 honor
985 2882 1109 2973 filiique
1138 2882 1253 2964 distat,

179 3019 258 3087 ergo
278 2995 479 3063 verisimilior
497 2997 577 3062 ratio
591 3010 652 3078 est,
672 2999 698 3062 si
716 3020 790 3062 eum
807 2997 906 3062 Murci
925 2998 995 3087 (38)
1016 2998 1171 3087 praetoris
1188 3002 1254 3066 553

180 3110 286 3175 filium
314 3133 425 3200 ponas.
475 3108 539 3174 Atti
560 3122 669 3177 contra
690 3112 805 3177 mirum
826 3111 860 3176 in
879 3109 1013 3176 modurn
1034 3112 1178 3200 quinque
1198 3112 1250 3176 ul·

181 3225 281 3289 timos
302 3246 339 3289 ex
359 3224 541 3289 Buteonem
562 3224 683 3289 familia
702 3224 918 3301 miscuerunt,
948 3224 992 3287 ita
1014 3235 1050 3287 ut
1069 3224 1120 3289 vel
1140 3235 1251 3289 eontra

179 3337 325 3402 veritatis
354 3337 490 3428 speciem
522 3336 637 3403 diversi
666 3338 700 3402 in
730 3360 828 3403 unum
856 3337 1051 3415 coaluerint,
1074 3337 1108 3401 in
1131 3336 1249 3427 quibus

180 3473 300 3541 operae
320 3450 460 3541 pretium
480 3473 543 3515 uon
564 3461 611 3515 est
630 3448 752 3518 diutius
773 3450 950 3517 subsistere.

227 3563 353 3628 Haereo
383 3565 415 3628 in
448 3562 483 3628 L.
505 3563 643 3644 Manlio,
668 3587 765 3654 quern
797 3564 1005 3654 proconsule
1034 3586 1072 3629 er
1098 3563 1250 3653 Hispania

178 3675 313 3743 rediisse
340 3675 436 3741 tradit
464 3675 572 3741 Livius
594 3699 700 3743 seorim
724 3677 879 3743 serentem
901 3700 1033 3743 coronas
1054 3699 1164 3742 aureas
1186 3680 1248 3753 52,

175 3789 249 3854 aeri
268 3788 375 3879 pondo
398 3792 480 3867 132,
498 3792 620 3879 argenti
643 3789 938 3869 renumerante,
964 3790 1020 3880 qui
1049 3790 1246 3880 pronuncia·

174 3903 225 3966 vit
245 3902 278 3967 in
299 3915 424 3981 senatu,
445 3903 579 3969 Fabium
601 3914 801 3993 quaestorem
813 3906 858 3970 80
873 3902 981 3993 pondo
1000 3904 1069 3967 auri
1084 3901 1249 3969 advehere.

175 4015 220 4078 dt
245 4014 389 4080 nondum
416 4015 530 4079 consul
549 4014 651 4079 luerat
669 4012 707 4079 L.
725 4013 881 4093 Manlius,
900 4015 957 4103 qui
975 4014 1061 4079 enim
1086 4019 1152 4082 565
1172 4038 1246 4082 oum

172 4124 219 4190 ll.
250 4126 364 4193 Fulvio
397 4125 564 4192 Nobiliore
598 4125 660 4191 hoo
689 4125 891 4192 innoteseat
922 4125 1061 4206 honore,
1096 4125 1153 4195 Cn.
1184 4130 1246 4196 luit

171 4239 327 4310 Manlius.
375 4240 484 4305 Voluit
504 4240 564 4305 sibi
585 4239 692 4306 Livius
712 4240 747 4305 L.
758 4239 915 4306 Manlium
936 4241 1104 4308 doidiunm
1116 4292 1124 4322 ,
1148 4266 1243 4332 quem

203 4487 225 4556 ¹)
244 4491 302 4542 arv.
320 4490 453 4543 xxxin.
472 4498 514 4542 aa.
566 4489 586 4559 ²)
604 4494 660 4543 mv.
679 4492 810 4543 xxxrx.
831 4499 874 4543 es.
