3210 5300
346 443 406 504 330
488 461 516 512 Q.
537 457 640 503 riorus
661 459 689 510 Q.
711 458 738 502 r.
759 458 787 508 Q.
809 458 837 501 n.
858 457 988 502 utxtnus
1009 457 1180 503 cuncrtrou
1201 441 1276 525 (33).

347 639 434 706 enim
453 637 494 703 ab
513 637 600 702 omni
615 648 706 726 parte
725 647 938 701 commeatum
957 636 1018 701 sibi
1033 636 1234 727 suppeditare
1248 651 1371 729 poterat
1391 651 1414 720 ¹,

261 834 266 843 η
347 764 458 818 contra
486 749 664 829 Hannibal,
699 749 788 815 cuius
816 750 926 839 ingens
951 773 1063 838 agmen
1082 773 1118 816 ea
1137 750 1178 817 de
1197 774 1290 818 causa
1310 765 1414 820 totum

347 877 415 932 erat
446 865 480 930 in
510 862 590 954 agris
618 862 815 928 devastandis
847 875 879 928 et
909 861 1157 952 depopulandis3
1185 878 1310 955 poterat
1337 890 1411 957 ergo

347 979 483 1044 dictator
500 976 694 1043 extrahendo
706 976 828 1041 bellurn
848 976 1049 1066 patriamque
1061 975 1266 1044 defendendo
1278 980 1410 1046 Martem

345 1093 495 1182 erperiri,
519 1091 606 1181 quod
628 1092 747 1180 optime
765 1091 795 1155 ei
816 1091 977 1161 successit.
1012 1091 1161 1156 Attamen
1179 1093 1314 1159 nimium
1334 1094 1411 1159 scri·

346 1206 427 1269 bunt
446 1201 603 1281 historici,
627 1202 683 1267 ubi
703 1201 834 1267 tradunt
853 1223 926 1267 eum
947 1202 997 1268 vel
1017 1225 1072 1292 spe
1092 1204 1137 1268 rei
1157 1204 1238 1270 bene
1257 1205 1411 1295 gerendae

344 1317 454 1383 oblata
474 1315 614 1381 noluisse
634 1337 789 1404 pugnare.

392 1428 475 1495 Sunt
514 1440 620 1493 autem
652 1427 708 1492 illa
740 1426 844 1492 omnia
875 1426 1115 1516 prudentissimi
1146 1430 1314 1519 cuiusque,
1347 1453 1410 1496 nou

345 1544 449 1609 elucet
479 1542 635 1608 excellens
664 1553 696 1606 et
724 1541 874 1606 eximium
906 1541 1069 1631 ingenium
1096 1565 1133 1609 ex
1158 1542 1291 1620 talibus,
1324 1543 1411 1633 quod

345 1656 445 1723 Fabio
463 1667 572 1721 nostro
592 1677 656 1719 non
677 1653 773 1719 fuisse
792 1652 925 1737 ridetur.
975 1653 1082 1737 Quum
1101 1679 1174 1721 vero
1193 1678 1257 1720 nou
1277 1679 1334 1747 per
1355 1657 1411 1722 de·

345 1781 503 1834 cantatam
535 1767 773 1833 cunctationem
795 1789 904 1832 rerum
933 1790 992 1857 per
1020 1768 1166 1835 fraudem
1188 1781 1243 1833 aut
1262 1769 1411 1859 ignoran-

345 1884 422 1949 tiam
438 1881 575 1946 aliorum
594 1880 718 1946 Poenus
739 1878 947 1969 Campaniam
966 1880 1136 1948 intraverat
1153 1894 1186 1947 et
1202 1883 1265 1948 iam
1280 1884 1410 1973 propius

345 2005 535 2073 accesserat,
567 1992 688 2058 insidiis
720 1992 874 2083 deceptus
905 1992 987 2058 riam
1020 1994 1123 2060 eidem
1146 1997 1281 2086 aperuit.
1337 1995 1410 2062 Non

345 2108 418 2173 satis
447 2119 494 2173 est
522 2129 629 2171 arcere
658 2103 799 2185 hostem,
825 2105 957 2197 clypeus
981 2105 1065 2171 enirn
1088 2108 1218 2173 omnino
1239 2131 1303 2174 non
1322 2131 1409 2198 sper·

344 2219 469 2286 nendus
497 2231 557 2300 est,
592 2232 665 2285 utor
692 2219 845 2284 Posidinii
873 2232 886 2268 2
917 2220 1174 2310 comparatione,
1197 2222 1253 2309 qui
1273 2221 1408 2287 Fabium

345 2334 460 2424 clypeo
489 2332 681 2399 Marcellum
711 2331 819 2422 gladio
838 2332 1042 2412 conferebat3
1066 2332 1120 2398 sed
1141 2333 1167 2398 si
1186 2345 1277 2423 potes
1297 2334 1409 2425 clypeo

345 2447 410 2512 imo
444 2445 584 2512 umbone
614 2456 712 2511 utare.
776 2444 932 2510 Potuisset
962 2445 1042 2511 illud
1080 2446 1147 2511 aine
1177 2446 1289 2526 dubio,
1332 2446 1408 2536 quid

345 2559 444 2649 magis
470 2569 654 2648 exoptatum
679 2556 790 2621 fuisset
810 2557 962 2623 Romanis
982 2581 1077 2647 quam
1098 2558 1221 2626 hostem
1242 2584 1258 2625 a
1278 2582 1343 2650 quo
1364 2573 1410 2626 ter

346 2673 423 2738 victi
452 2683 559 2748 erant,
593 2671 754 2735 inclusum
784 2681 906 2750 tenere,
940 2673 996 2761 qui
1021 2673 1084 2737 iam
1109 2685 1222 2762 quarta
1246 2674 1314 2739 rice
1337 2696 1409 2739 mox

344 2808 398 2851 eos
431 2783 629 2861 devinceret,
662 2782 723 2846 nisi
757 2782 843 2848 elabi
874 2806 948 2849 eum
977 2808 1086 2874 passus
1114 2798 1195 2851 esset
1225 2784 1407 2852 Cunctator.

345 2895 436 2960 Tunc
477 2894 623 2983 apparuit
650 2893 788 2959 Fabium
820 2918 885 2962 non
917 2919 1082 2962 enervasse
1113 2897 1341 2977 Hannibalem,
1374 2910 1407 2962 ut

345 3006 492 3073 Cicero³
531 3006 616 3084 vult,
652 3006 740 3097 quod
774 3006 902 3098 Capuae
932 3009 1061 3075 tandem
1089 3011 1232 3076 lecerunt
1266 3011 1408 3077 hiberna.

346 3120 413 3187 Ubi
445 3142 518 3186 vero
547 3120 645 3185 semel
671 3120 833 3186 Hannibal
855 3134 1009 3199 evaserat,
1033 3134 1136 3188 totum
1154 3124 1332 3213 periculum
1351 3124 1408 3188 ab·

345 3235 443 3312 ierat,
476 3233 583 3298 statim
614 3234 698 3299 enirn
728 3234 870 3301 ridemus
900 3234 1087 3302 dictatorern
1116 3237 1289 3302 exereitum
1310 3237 1407 3303 relin-

346 3358 515 3437 quentem,
544 3358 622 3412 tunc
647 3347 798 3437 magister
825 3348 984 3438 proelium
1005 3348 1094 3428 iniit,
1119 3372 1179 3415 nec
1200 3351 1314 3416 lrustra
1335 3374 1407 3417 eum

343 3460 491 3526 liberarit
524 3458 642 3524 Fabius
670 3483 737 3524 non
766 3459 947 3524 cunctando
975 3483 1086 3561 rerum
1114 3463 1202 3527 noris
1229 3462 1407 3552 legionibus

343 3571 531 3638 adiuvando.
579 3571 732 3637 Romanis
759 3573 792 3637 in
816 3584 902 3638 tauta
929 3572 1057 3638 cladum
1079 3574 1237 3641 sericium
1256 3599 1405 3667 magnum

343 3685 466 3751 facinus
494 3686 595 3751 risum
622 3696 669 3750 est
692 3685 780 3749 nulla
801 3686 893 3751 clade
913 3688 1042 3752 affectos
1061 3710 1127 3753 esse
1145 3711 1202 3779 per
1221 3689 1306 3756 illud
1324 3703 1404 3756 tem·

341 3822 420 3890 pus,
452 3822 517 3889 quo
545 3799 737 3865 dictaturam
763 3801 858 3889 gessit
884 3800 1054 3880 Maximus,
1078 3825 1149 3867 nam
1167 3801 1232 3867 huc
1252 3802 1319 3869 fera
1337 3815 1405 3869 tota

342 3914 409 3979 eius
428 3912 496 3978 laus
514 3911 611 3992 redit;
635 3913 696 3978 iam
718 3936 756 3979 eo
773 3915 929 3981 malorum
946 3914 1098 3981 Mavortia
1114 3939 1190 4005 gens
1204 3920 1404 4006 perveneratl

386 4027 494 4093 Verbo
528 4049 675 4092 moneam
707 4026 747 4092 de
774 4028 889 4093 assium
926 4030 1174 4119 permutatione,
1211 4054 1292 4122 quac
1327 4043 1404 4097 teste

261 4200 264 4207 .
342 4142 446 4208 Plinio
466 4147 480 4187 ⁴
501 4142 624 4233 placuit
642 4142 792 4208 Romanis
812 4142 965 4208 dictatore
986 4143 1100 4222 Fabio,
1120 4165 1221 4233 quum
1240 4144 1401 4210 Hannibal

371 4410 555 4481 ¹)Ptut1t09.
573 4421 596 4461 et
612 4412 668 4480 imp.
687 4416 800 4482 cpopbtln
818 4416 924 4477 Fat.1;
942 4417 1033 4468 Zonar.
1044 4418 1114 4469 VIII
1132 4420 1173 4468 26.
1226 4414 1247 4483 ²)
1264 4418 1332 4467 Plut.
1347 4417 1411 4468 Fat.

339 4506 383 4563 tt,
398 4496 480 4551 Marc.
491 4503 519 4560 93
533 4498 648 4553 stoan.
659 4504 673 4550 6
686 4502 751 4566 §2l.
804 4499 825 4569 ³)
843 4499 885 4551 De
894 4519 944 4569 rep.
953 4504 975 4555 Ι.
988 4508 998 4555 l
1013 4504 1027 4567 ξ
1040 4508 1060 4554 l.
1073 4544 1076 4551 .
1114 4501 1134 4572 ⁴)
1152 4500 1232 4554 HN.
1241 4503 1374 4555 XXXIII.
1385 4511 1412 4555 3.
