3212 5294
351 456 409 516 182
605 475 631 525 Q·
653 474 755 516 saurus
777 473 895 528 moron,
918 471 1085 516 msronrcns
1106 455 1180 536 (36).

353 649 407 716 N⁰.
444 648 561 716 XVIII.
614 652 654 716 Oi
679 652 709 715 δὲ
734 650 802 731 περί
827 651 880 716 τὸν
904 648 1022 729 Φοίβιίν
1044 674 1080 715 τε
1106 649 1159 714 καί
1187 648 1314 728 Κίγκιον
1339 653 1424 717 οὐδὲν

443 770 578 829 τοιοῦτον
599 764 726 842 λέγουσι
748 763 911 842 γεγονέναι
938 765 988 848 (ea
1008 785 1139 852 nempe,
1164 784 1246 852 quae
1265 762 1335 828 Piso
1358 775 1422 829 tra·

447 875 507 950 din
525 876 615 941 οίλλίι
630 874 777 958 costen
795 877 851 951 πίον
875 875 961 956 κόραν
985 875 1177 966 (Tarpeiam)
1199 876 1421 956 διαβεβαιοῦν-

442 1012 496 1052 παι
515 988 574 1060 τοὶς
599 989 667 1071 περὶ
687 991 742 1063 τὴν
769 988 929 1069 προδοσίαν
955 991 1105 1064 συνθήκας
1125 1001 1149 1054 ¹.

402 1097 584 1188 Opponitur
602 1099 717 1163 iterum
736 1098 834 1195 Fabii·
848 1097 1015 1188 Cinciique
1035 1101 1173 1165 narratio
1192 1098 1242 1178 ei,
1266 1121 1362 1189 quam
1381 1097 1424 1164 de

356 1235 413 1278 suo
441 1213 512 1277 Piso
543 1212 749 1302 excogitavit,
780 1212 945 1303 Tarpeiam
972 1213 1094 1278 scilicet
1115 1212 1263 1303 decipere
1284 1211 1424 1278 voluisse

355 1325 505 1404 Sabinos,
539 1349 619 1416 quos
646 1326 782 1390 inermes
805 1325 960 1390 Romulus
982 1325 1181 1403 devinceret,
1205 1325 1244 1390 ad
1269 1348 1365 1415 quem
1386 1339 1423 1390 ut

355 1439 423 1504 doli
440 1442 558 1505 certior
575 1439 685 1518 fieret,
708 1438 857 1504 nuntium
875 1439 1028 1518 misisset3
1051 1439 1168 1505 Fabius
1191 1450 1301 1504 contra
1323 1437 1424 1503 tradi·

357 1552 446 1618 derat
471 1552 637 1641 Tarpeiam
664 1551 853 1640 proditionis
881 1553 1085 1641 sponsionem
1109 1552 1305 1631 observasse,
1329 1550 1424 1618 Sabi-

360 1687 482 1755 nosque
503 1664 618 1755 apertis
638 1665 736 1754 portis
757 1664 924 1754 recepisse.

356 1889 411 1959 N⁰.
448 1886 533 1955 XIX.
582 1891 622 1955 Oi
641 1890 672 1954 δὲ
690 1890 757 1971 περὶ
782 1892 835 1955 τὸν
857 1888 976 1968 Φοίβιον
989 1888 1040 1953 ε’πί
1058 1898 1123 1962 τοῖς
1140 1888 1288 1967 Σαβίνοις
1306 1893 1424 1954 ποιοῦσι

448 2003 503 2077 τὴν
524 2008 583 2067 τῶν
607 2003 776 2081 ὁμολογιῶν
800 1999 945 2076 οίποίπνν,
971 2003 1035 2066 δίον
1058 2001 1121 2081 γαρ
1142 2001 1256 2073 αὐτοὺς
1276 2000 1328 2064 τὸν
1348 2023 1427 2081 χον-

450 2117 519 2194 σον,
551 2113 651 2195 ίίσπερ
683 2117 699 2190 ἡ
724 2113 873 2194 Τοίρπεια
906 2112 1008 2191 ἠξίου,
1045 2112 1131 2176 κατα
1161 2111 1221 2184 ποις
1255 2110 1426 2192 ὁμολογίας

449 2228 623 2293 ἀποδιδόναι
646 2225 904 2306 χαλεπαίνοντος
926 2223 977 2288 ε’πί
998 2225 1040 2305 τῷ
1062 2223 1190 2303 μεγέίει
1213 2227 1267 2287 τοῦ
1299 2224 1425 2301 μισθοῦ,

449 2340 492 2405 ποί
516 2341 734 2418 σκεπαστήρια
761 2339 833 2401 κατ’
863 2338 961 2410 αὐτῆς
985 2334 1121 2413 βοίλλειν
1152 2336 1189 2407 ὡς
1222 2339 1349 2408 ταῦτα,
1374 2330 1426 2399 dre

447 2452 606 2531 ιίμννσαν,
632 2453 712 2534 αὐτῇ
737 2451 841 2514 δώσειν
862 2447 1093 2528 ὑποσχομένους
1116 2457 1142 2510 ².

401 2565 439 2629 In
467 2564 530 2629 boc
557 2585 687 2653 quoque
710 2564 785 2627 loco
811 2561 933 2626 diversa
954 2560 1038 2624 fama
1057 2558 1137 2638 fuit,
1162 2557 1235 2623 Piso
1254 2558 1341 2624 euim
1360 2571 1425 2623 tra-

360 2677 444 2743 didit
457 2677 620 2765 Tarpeiam
638 2685 835 2740 recusantem
854 2684 1054 2752 ornamenta,
1070 2695 1153 2763 quae
1169 2671 1297 2736 iamiam
1316 2670 1426 2737 Sabini

359 2801 452 2856 erant
477 2790 596 2867 daturi,
623 2764 802 2878 poposcisse
830 2798 933 2864 scuta,
963 2798 1041 2850 tuno
1061 2808 1133 2850 vero
1153 2782 1288 2850 Sabinos
1308 2785 1423 2852 inritos

362 2901 485 2968 dedisse
506 2899 636 2990 quidem
656 2911 744 2963 scuta
764 2897 817 2963 sed
837 2898 897 2977 ita,
918 2908 952 2961 ut
972 2899 1010 2962 iis
1031 2899 1143 2962 obruta
1162 2895 1323 2962 ceciderit.
1359 2898 1427 2962 'dn-

361 3015 484 3104 tiquior
511 3036 585 3079 rero
612 3013 711 3091 fama,
743 3034 825 3102 quae
852 3023 884 3076 et
910 3012 1100 3102 simplicior,
1129 3010 1255 3079 Sabinis
1282 3009 1427 3075 fraudem

363 3128 495 3206 tribuit,
520 3125 576 3217 qui
593 3148 630 3191 ex
651 3126 818 3215 sponsione
839 3146 952 3190 aurum
972 3104 1145 3203 dederunt,
1165 3123 1219 3190 sed
1240 3122 1426 3188 adiecerunt

362 3264 428 3307 non
449 3241 551 3331 rogati
569 3250 751 3330 tegumenta
770 3260 918 3329 quoque,
942 3249 974 3302 ct
995 3238 1038 3303 sic
1056 3237 1162 3328 periit.

361 3467 418 3534 Νο
455 3466 525 3534 XX.
576 3472 683 3529 Διειλε
710 3463 741 3527 δὲ
765 3462 818 3526 καί
849 3485 904 3536 παν
933 3461 1038 3541 χώραν
1062 3456 1211 3532 ίίπασαν,
1235 3483 1274 3531 ιος
1289 3484 1347 3538 μεν
1363 3458 1430 3524 Φα-

454 3580 522 3658 βιίς
543 3583 655 3661 φασιν,
681 3578 723 3648 είς
752 3575 861 3655 μοίρας
888 3570 923 3650 ἓξ
949 3573 1002 3636 καί
1026 3570 1155 3645 είκοσιν,
1181 3595 1219 3643 ας
1250 3571 1303 3637 καί
1326 3571 1427 3644 αὐτας

455 3700 552 3758 ααλεῖ
569 3690 695 3773 φολας,
721 3688 777 3753 καί
793 3686 852 3758 τας
876 3687 1010 3756 ασσιαας
1033 3683 1203 3764 προστιθείς
1228 3684 1342 3756 αὐτοῖς
1357 3684 1428 3748 πέπ-

455 3826 620 3885 σαραςιγι
585 3801 753 3884 πριοίκονσα
780 3800 887 3880 Φνλίις
917 3798 967 3863 ἐπὶ
995 3795 1209 3869 Τνλλίονπίις
1237 3795 1359 3869 ποίσας
1375 3821 1429 3874 γε·

456 3916 559 3980 νὲσίαι
582 3915 717 3991 λίγειΰ.

414 4028 470 4092 Est
489 4026 542 4090 hie
561 4025 708 4091 classicus
729 4023 818 4088 loeus
838 4022 877 4087 de
895 4021 1036 4086 tribuum
1056 4020 1225 4099 divisione,
1250 4043 1346 4110 quem
1362 4042 1426 4085 nou

368 4142 523 4206 intactum
542 4137 740 4225 reliquerunt
760 4132 897 4210 librarii,
921 4129 1091 4199 Niebuhrii
1110 4132 1281 4199 lectionem
1298 4154 1428 4222 sequor,

368 4251 490 4317 etiamsi
518 4247 662 4314 nondum
692 4245 835 4335 Dionysii
861 4267 991 4313 manum
1016 4245 1208 4336 reposuerit3
1231 4246 1276 4313 sic
1298 4244 1427 4311 offendit

397 4514 417 4582 ¹)
434 4515 510 4566 Dion.
528 4514 588 4565 Hal.
607 4514 643 4566 11.
662 4518 704 4564 39.
757 4510 778 4581 ²)
795 4513 871 4564 Dion.
889 4513 950 4564 Hal.
967 4514 1004 4565 11.
1023 4519 1065 4565 40.
1117 4509 1231 4581 ⁵.)Dion
1246 4513 1307 4569 Hel
1324 4513 1374 4566 lv.
1394 4514 1434 4563 15.
