3194 5302
560 459 580 544 ς
601 463 630 524 3.
652 478 730 523 rann
753 477 887 523 aurunci.
1219 467 1254 527 11

189 663 278 731 addit
308 663 450 755 gladium
478 677 681 731 cruentatum
709 662 844 755 periculi
867 664 992 752 signum
1014 687 1096 744 esse,
1121 666 1254 733 lacteam

188 779 417 845 abstersionem
440 778 648 843 nutritionem
671 776 822 843 indicare.

235 888 388 958 Ouidius¹
419 890 581 981 eleganter
605 889 738 981 quidem
764 889 820 955 ubi
841 911 963 955 morem
992 890 1256 983 Lupercaliorum

187 1003 339 1071 describit
366 1003 440 1069 huic
466 1004 605 1070 fabellae
629 1002 799 1069 admiscuit
829 1026 882 1083 ea,
916 1025 997 1093 quae
1026 1005 1067 1071 de
1083 1005 1208 1073 Potitiis
1225 1019 1256 1073 et

186 1114 319 1203 Piqariis
345 1114 508 1193 feruutur,
534 1115 624 1180 cuius
651 1114 748 1205 igitur
769 1113 986 1182 testimonium
1004 1116 1138 1184 missum
1154 1118 1255 1198 facio,

186 1251 226 1295 ue
256 1227 290 1293 in
320 1250 355 1293 re
379 1226 572 1318 perobscura
599 1227 744 1293 tenebras
775 1249 922 1316 augeam;
953 1250 1053 1295 anum
1072 1241 1198 1296 tantum
1217 1253 1255 1296 ex

182 1343 250 1408 eius
274 1340 415 1406 carmine
433 1362 551 1430 urgeo,
575 1340 663 1431 quod
682 1339 816 1407 Fabium
837 1362 910 1407 cum
930 1340 993 1407 suis
1012 1343 1053 1408 ab
1072 1343 1166 1409 Remi
1179 1366 1254 1433 par·

174 1454 269 1521 ‘tibus
290 1454 443 1533 stetisset,
464 1466 498 1519 ut
517 1451 629 1519 itidem
645 1452 812 1519 dubitatae
829 1453 906 1519 fidei
923 1452 1043 1520 ductor
1060 1455 1102 1521 de
1115 1454 1256 1546 Origine

180 1569 294 1659 gentis
322 1565 519 1633 Ιῖιὶηιωιαε2
548 1564 688 1632 tradidit.
736 1563 841 1648 Quum
874 1588 948 1631 sero
970 1565 1152 1633 llusebius⁸
1175 1589 1254 1633 cou-

184 1680 314 1745 trarinm
339 1679 473 1756 referat,
497 1678 638 1745 scribens
658 1679 795 1745 Remum
819 1689 919 1744 rastro
940 1679 1092 1769 pastorali
1117 1680 1253 1747 allabio

183 1791 312 1858 Romuli
333 1790 415 1856 duee
434 1814 501 1857 csse
522 1791 679 1871 occisum,
706 1803 839 1882 apparet
860 1792 978 1858 variare
997 1792 1115 1859 famam
1136 1817 1154 1858 a
1179 1794 1253 1884 qui·

182 1905 318 1971 busnam
347 1904 490 1994 partibus
509 1904 654 1970 steterint
672 1904 781 1984 Ilabii3
810 1902 886 1970 hine
905 1904 1065 1972 contendo
1084 1928 1252 1996 perperam

181 2042 198 2083 a
222 2016 417 2108 quibusdam
445 2015 527 2083 hanc
553 2017 683 2083 liusebii
702 2016 819 2084 samam
839 2038 912 2082 eum
933 2017 1122 2085 Plutarchi⁴
1143 2041 1254 2086 narra·

188 2130 274 2197 tione
294 2131 335 2197 de
356 2142 459 2197 morte
478 2130 573 2198 Remi
593 2152 660 2197 esse
681 2112 902 2209 coniunctam,
932 2132 985 2197 civ
1008 2135 1123 2210 Ῥῶμον
1146 2133 1172 2197 ai
1194 2132 1253 2210 uta

181 2245 277 2308 αὐτοῦ
332 2244 491 2322 Ῥωμύλου
529 2241 753 2321 πατάξαντος,
793 2244 819 2307 οἱ
856 2244 887 2308 δὲ
920 2248 980 2307 τῶν
1012 2242 1138 2320 ἑταίρων
1171 2245 1252 2316 assde
1320 2314 1330 2341 '

180 2357 311 2438 Κέλερος
336 2364 444 2422 πεσεῖν
464 2356 629 2435 λέγουσιν,
654 2367 750 2446 atque
776 2354 850 2421 iude
873 2353 1048 2421 deductum
1069 2377 1136 2421 esse
1157 2353 1251 2423 Gele-

179 2491 247 2535 rem
266 2469 485 2560 illum‚quem
503 2467 662 2534 Romulus
682 2467 848 2532 tribunum
868 2464 1018 2532 Celerum
1033 2467 1167 2548 crearit,
1189 2468 1251 2533 Fa-

180 2582 268 2648 bium
298 2582 404 2649 luisse.
452 2579 564 2648 Cetera
588 2579 658 2647 ride
685 2580 771 2670 apud
792 2579 977 2646 Dederich⁵
1001 2578 1163 2670 suppleta,
1192 2582 1250 2672 qui

179 2694 308 2761 diversis
332 2695 425 2763 famis
454 2695 531 2785 quid
560 2693 702 2760 subesset
732 2716 794 2758 uon
816 2693 943 2782 agnovit
963 2713 1069 2782 neque
1086 2691 1248 2775 distinxit,

179 2807 233 2873 sed
264 2807 414 2873 omuibus
443 2806 561 2896 mythis
591 2806 687 2873 fidem
720 2806 864 2871 tribuens
887 2803 938 2871 ael
958 2827 997 2870 eo
1018 2806 1184 2894 persenit,
1214 2820 1250 2874 ut

179 2919 318 2987 Remum
346 2920 528 3010 Lupercum
551 2919 648 2986 fuisse
674 2920 734 2985 sibi
759 2932 877 2996 sumat,
904 2920 969 2985 imo
990 2940 1064 2984 eum
1085 2919 1167 2985 iuter
1185 2921 1248 2986 Fa·

177 3032 246 3098 bios
277 3031 440 3120 Lupercos
468 3031 612 3109 stetisse,
642 3042 751 3096 contra
780 3030 916 3096 Fabium
944 3030 977 3095 iu
1006 3031 1151 3120 partibus
1181 3032 1250 3098 Ro·
1317 3101 1319 3106 .

176 3145 274 3223 muli,
302 3144 354 3208 cui
383 3143 446 3208 dur
476 3141 627 3209 Celerum
651 3144 757 3210 luerit.
808 3142 929 3227 Quibus
952 3144 986 3207 in
1009 3144 1103 3209 rebus
1123 3145 1248 3212 etiamsi

176 3257 215 3322 ad
235 3256 398 3323 veritatem
418 3256 585 3345 pervenire
603 3254 766 3321 difficilius
786 3270 847 3333 est,
876 3267 983 3321 tamen
1004 3254 1082 3321 haec
1094 3278 1158 3321 nou
1169 3281 1246 3347 pro·

175 3369 294 3436 bubilia
317 3391 384 3434 esse
406 3390 500 3435 nemo
525 3369 666 3458 negabit.

221 3481 356 3547 Fabium
382 3480 474 3546 illum
497 3482 663 3547 tribunum
686 3481 836 3549 Celerum
857 3483 1006 3572 equidem
1027 3506 1159 3573 sperno,
1187 3508 1245 3552 ne-

175 3616 239 3684 que
263 3593 380 3659 Fabios
406 3593 489 3659 ullos
517 3595 648 3663 Romuli
678 3595 811 3660 Remive
832 3596 981 3685 aequales
1001 3596 1097 3662 fuisse
1118 3608 1150 3662 et
1170 3617 1245 3662 cum

175 3707 213 3772 iis
239 3707 427 3800 Lupercalia
455 3708 519 3773 siae
539 3709 711 3775 instituisse
731 3709 796 3775 sive
816 3708 992 3777 celebrasse
1013 3708 1093 3775 mihi
1111 3731 1243 3801 persua·
1356 3772 1359 3781 ,

175 3843 243 3886 sum
273 3833 329 3887 est.
375 3819 529 3910 Sequitur
547 3820 627 3888 haec
648 3822 757 3913 opinio
777 3845 815 3888 ex
835 3823 888 3902 iis,
909 3844 992 3912 quae
1012 3822 1051 3889 de
1072 3820 1131 3888 illo
1152 3845 1244 3889 sacro

175 3933 322 4024 equidem
345 3946 464 4012 statu03
485 3934 531 4000 nil
552 3934 730 4025 quidquam
746 3934 845 4001 habet
860 3957 1029 4003 commune
1049 3957 1123 4001 oum
1139 3936 1242 4026 gemi-

175 4068 287 4113 norum
317 4047 514 4137 expositione
536 4071 642 4139 neque
665 4070 869 4115 cumeorum
890 4048 995 4127 Urbe,
1024 4049 1141 4116 utiam
1160 4050 1240 4117 Plu·

202 4365 221 4431 ¹)
237 4367 306 4418 Fast.
334 4369 371 4417 II.
399 4370 464 4426 aot,
482 4370 627 4417 283—379.
699 4362 719 4431 ²)
737 4365 766 4416 C.
791 4371 832 4414 22.
856 4364 894 4416 Cf.
919 4365 980 4417 Fest
997 4384 1021 4419 v.
1041 4365 1197 4425 Quincuttont
1213 4385 1237 4433 p.

177 4450 534 4517 nannetensium.
554 4455 595 4502 87.
654 4446 674 4519 ⁵)
693 4451 736 4500 Ad
753 4465 848 4501 annum
866 4456 907 4501 41.
960 4448 1069 4517 ⁴)Rcm.
1091 4458 1129 4503 ll.
1174 4448 1195 4520 ⁵)
1213 4469 1238 4518 p.

180 4542 226 4588 rso
242 4552 277 4604 sq.
