3194 5302
324 442 364 502 26
492 458 520 501 rr.
542 455 646 501 saeros
668 450 828 498 vrnuusnus
848 435 903 519 (l).
944 438 965 520 ς
985 437 1014 497 2.
1035 453 1229 498 censanoon.

325 635 400 714 bus,
430 632 547 724 quibus
577 632 658 698 bene
686 631 781 696 multi
810 653 847 696 ex
876 641 983 696 nostra
1010 642 1103 719 gente
1129 630 1278 697 honorati
1299 645 1391 713 sunt;

325 769 391 837 quo
420 747 453 812 in
480 746 613 837 publico
639 745 730 811 luctu
752 744 876 810 etiamsi
900 742 977 809 huic
995 743 1079 810 nulli
1097 744 1224 812 lictores
1246 767 1394 836 praeces·

324 860 399 926 sisse
417 857 570 926 censendi
589 871 679 937 sunt,
705 859 746 944 (si
766 858 850 923 enim
871 856 1074 947 praeiissent,
1092 857 1310 947 magistratum
1322 883 1393 950 ges-

325 974 431 1053 sisset,
455 972 542 1063 quod
558 995 623 1038 non
644 971 810 1057 traditur),
832 982 937 1036 tamen
959 971 991 1034 in
1018 968 1254 1037 laudationibus
1271 973 1393 1062 primus

323 1086 470 1152 laudatus
485 1085 563 1164 luit,
587 1084 674 1175 quod
694 1096 757 1150 tres
772 1083 959 1149 fortissimos
978 1084 1196 1174 progenuisset
1215 1084 1317 1167 filios,
1336 1086 1394 1177 qui

325 1223 383 1265 suo
402 1210 510 1265 sumtu
530 1198 652 1264 bellum
675 1197 790 1263 Veiens
812 1196 1033 1287 suscepissent.

371 1311 536 1378 llaaltbius
556 1311 658 1401 geritis
683 1323 810 1377 nostrae
830 1311 1010 1403 principem
1028 1310 1126 1401 paulo
1146 1312 1241 1377 altius
1260 1314 1392 1403 repetit,

324 1423 498 1490 coniiciens
526 1425 661 1490 Kaesoni
688 1436 795 1489 nostro
819 1436 943 1514 patrem
970 1423 1068 1489 fuisse
1097 1422 1252 1507 Quintum
1277 1448 1391 1516 quem-

324 1537 398 1603 dam
428 1538 582 1620 Fabium,
613 1550 782 1629 propterea
816 1535 903 1628 quod
937 1536 1090 1602 Kaesonis
1121 1537 1207 1603 lilius
1236 1539 1391 1606 monimus

323 1661 402 1715 natu
429 1650 565 1735 Quintus
585 1648 764 1742 appellatus
789 1651 895 1717 fuerit.
944 1648 1005 1716 Cui
1028 1648 1179 1740 equidem
1199 1674 1263 1717 non
1284 1673 1391 1718 assen-

323 1763 401 1842 tior,
422 1786 498 1827 nom
516 1774 649 1829 stemma
672 1764 774 1854 gentis
795 1774 921 1828 nostrae
940 1761 987 1826 rel
1009 1761 1109 1826 semel
1129 1763 1308 1853 inspectum
1330 1763 1390 1830 do·

324 1888 375 1942 cet
401 1876 557 1942 rationem
584 1900 673 1956 eam,
704 1899 786 1966 quae
812 1874 897 1965 apud
928 1887 1070 1940 veterum
1097 1874 1251 1965 quosdam
1277 1876 1390 1956 saluit,

323 2001 359 2054 ut
382 2012 481 2080 nepos
499 1991 549 2055 avi
567 1990 697 2055 nomine
716 1989 981 2081 compellaretur,
1005 2011 1069 2053 non
1086 1988 1256 2055 invaluisse
1273 1991 1307 2055 in
1327 1990 1389 2055 Fa-

323 2100 398 2181 biis,
422 2103 512 2193 atqui
532 2125 597 2168 non
618 2104 694 2169 licet
715 2102 835 2194 aliquid
857 2101 931 2168 inde
952 2101 1119 2170 deducere.

778 2314 938 2323 ——---

722 2454 900 2528 CAPUT
932 2455 981 2527 ΙΙ.

512 2603 652 2664 orturus
674 2603 792 2651 santus
815 2603 849 2650 rr.
872 2601 900 2648 r.
924 2601 1110 2649 rmonauns
1133 2584 1190 2672 (2).

656 2769 673 2851 s
701 2774 728 2831 1.
779 2764 904 2830 consur
924 2764 949 2832 1.
974 2768 1051 2832 269.

503 2926 530 2988 Q.
549 2925 652 2975 ramus
670 2926 700 2975 tt.
719 2926 743 2973 F.
763 2925 922 2974 truncatus
933 2923 952 2974 ¹.

501 3009 564 3058 stu.
580 3008 738 3060 CORNELIUS
758 3011 785 3059 L.
802 3011 826 3060 F.
844 3010 944 3059 COSSUS
962 3012 1183 3061 uatuclttuttsts

366 3126 490 3216 Agmen
520 3123 617 3189 ducat
648 3123 785 3207 Quintus
815 3123 921 3204 hicce,
950 3116 1046 3190 trium
1074 3124 1208 3192 fratrum
1232 3110 1384 3193 maximus

319 3251 414 3317 natu,
449 3236 608 3328 quidquid
640 3238 710 3303 eliis
743 3236 883 3317 videtur,
913 3261 986 3303 nam
1016 3238 1138 3328 primus
1165 3239 1205 3304 de
1234 3239 1385 3307 Kaesonis

241 3376 244 3381 ·
319 3352 394 3417 filiis
431 3350 470 3416 ad
500 3351 703 3417 consulatum
732 3352 895 3442 persenit,
933 3374 1029 3442 quem
1062 3353 1280 3441 magistratum
1311 3376 1384 3420 curn

319 3465 468 3530 iratribus
496 3488 555 3555 per
580 3476 700 3555 septem
731 3464 881 3555 deinceps
904 3487 1003 3529 annos
1029 3465 1143 3533 tenuit.
1175 3464 1315 3532 Unicum
1336 3479 1384 3533 est

317 3577 413 3644 buius
432 3577 478 3643 rei
496 3581 529 3642 in
549 3576 679 3643 historia
696 3577 839 3644 Romano
864 3577 1061 3668 exemplum,
1091 3580 1142 3643 cui
1164 3602 1230 3645 non
1249 3593 1383 3671 possunt

316 3691 517 3783 aequiparari
528 3690 729 3757 Valeriorum
746 3691 930 3757 consulatus
948 3714 1008 3757 nec
1027 3692 1173 3783 sequenti
1183 3694 1309 3759 saeculo
1320 3694 1382 3760 ta·

315 3805 443 3873 biorum
473 3806 665 3873 tribunatus.
713 3805 1005 3873 Extraordinarium
1035 3805 1156 3896 aliquid
1183 3806 1310 3873 subesse
1334 3807 1383 3874 ri·

316 3917 425 3999 detur,
458 3919 513 3986 sed
538 3920 617 3987 latet
644 3919 799 4011 quidnam
825 3920 936 4000 fuerit,
970 3919 1120 4010 cogitarit
1147 3919 1277 4010 quidem
1303 3920 1382 3987 Nie-

315 4031 430 4099 buhr²
452 4034 492 4100 de
511 4033 647 4124 quadarn
668 4057 774 4100 rerum
795 4035 986 4113 mutatione,
1014 4056 1185 4124 perquam
1207 4033 1380 4124 eligarobia

315 4143 506 4211 fundaretur
522 4146 555 4211 in
571 4145 717 4234 dynastia
735 4144 907 4224 Herculea,
925 4167 1034 4212 rerum
1053 4144 1147 4211 nimis
1167 4145 1305 4212 breviter
1322 4146 1379 4212 illa

324 4414 344 4483 ¹)
362 4417 420 4470 Lis.
438 4420 476 4470 11.
496 4425 541 4480 423
559 4420 635 4473 Dion.
652 4419 715 4470 Hel.
733 4422 811 4473 VIII.
831 4424 877 4483 77;
897 4423 970 4475 Diod.
989 4423 1039 4477 Sic.
1058 4421 1108 4474 XI.
1128 4426 1174 4483 27;
1193 4417 1316 4483 cassiod,
1331 4420 1385 4474 An.

307 4502 383 4567 Non,
400 4505 469 4557 Fast.
487 4504 538 4559 sic.
609 4501 682 4573 ²112.
704 4502 734 4557 G.
753 4506 789 4559 Π.
812 4512 868 4558 198.
