3212 5294
342 439 401 502 178
592 458 620 508 o.
642 453 744 500 riorus
765 455 883 510 aroroa,
905 453 1075 498 nrsronrcus
1094 434 1169 519 (36).

349 630 404 700 N⁰.
439 632 496 700 lx.
542 637 580 698 Ὀ
609 633 667 710 μὲν
689 627 739 699 οὖν
754 636 869 712 Ῥῶμος
899 632 949 698 ἐπὶ
975 641 1039 706 τοῖς
1064 631 1224 711 πολεμίοις
1250 630 1413 710 γενόμενος

350 794 354 802 ·
443 744 554 819 οίίσοις,
579 745 645 821 εἴθ’,
671 748 709 819 ὡς
735 746 749 809 ὁ
774 744 892 823 Φοίβιος
916 745 1131 826 παραδέδωκε,
1154 744 1277 822 δέσμιος
1296 746 1339 817 είς
1360 745 1416 818 τὴν

437 858 569 937 ’Άλβοιν
591 859 737 938 οίπήρεπο
761 867 786 923 ¹.

350 1020 353 1025 ,
401 970 553 1036 Versatur
581 969 724 1059 mythico
752 971 882 1037 historia
905 970 987 1036 circa
1010 981 1152 1060 pastores
1170 992 1345 1061 eorumque
1365 994 1419 1036 cx-

353 1082 552 1173 peditiones;
595 1084 757 1151 fuerintne
793 1085 866 1150 illos
903 1082 1043 1149 insidiati
1081 1082 1196 1149 Albani
1228 1082 1418 1174 Lupercalia

354 1195 552 1262 celebrantes
582 1218 702 1275 necne,
736 1220 823 1263 nuno
853 1220 915 1262 non
941 1198 1056 1262 attinet
1075 1196 1254 1286 inquirere,
1277 1196 1417 1288 denique
1468 1204 1471 1210 '

353 1309 501 1375 feruntur
535 1333 602 1375 esse
641 1309 716 1375 vieti
750 1321 781 1376 et
820 1309 933 1376 Albam
965 1308 1115 1387 deducti,
1147 1332 1323 1399 eorumque
1353 1310 1417 1374 dur

349 1422 474 1499 δέσμιος
495 1422 658 1501 ἀπήγετο,
678 1434 715 1487 ut
732 1422 857 1489 addidit
877 1423 1002 1491 Fabius.

350 1644 407 1714 N⁰.
441 1647 479 1714 X.
517 1653 580 1721 Ὠς
605 1650 636 1715 δὲ
661 1653 768 1714 ταῦτα
791 1646 947 1730 κροίπισπα
971 1644 1050 1714 εἶναι
1078 1647 1180 1728 ἔδοξε,
1210 1649 1417 1728 συγκαλέσας

441 1760 512 1831 τοὺς
542 1760 690 1837 κοιμίσας
722 1756 870 1830 ἅπαντας
904 1757 918 1821 ὃ
951 1757 1108 1837 Ῥωμύλος
1144 1759 1210 1824 ιιι-ἓ.
1245 1780 1348 1848 usque
1375 1759 1416 1824 ad

442 1871 537 1935 linem
559 1870 669 1962 capitis
690 1875 733 1939 83
753 1880 779 1935 ².
1133 1868 1136 1873 ⁴

347 1981 406 2049 ΝΟ,
438 1982 493 2050 ΧΙ.
539 1987 593 2047 Ἐν
629 1976 650 2064 ᾧ
686 1985 717 2049 δὲ
755 1979 835 2049 οὗτοι
871 1983 939 2064 περὶ
968 1989 1076 2049 ταῦτα
1113 1981 1192 2060 ἦσαν
1228 2022 1273 2041 -
1308 1993 1419 2053 ταῦτα

381 2183 386 2193 Ι
441 2095 559 2178 εἴρηται
580 2103 645 2168 τοῖς
669 2095 737 2175 περί
762 2089 880 2174 Φοίβιὸν
903 2105 928 2161 ³.

343 2258 347 2263 .
396 2204 520 2298 Operae
548 2206 687 2298 pretium
716 2219 763 2273 est
790 2206 848 2273 bos
875 2207 963 2273 locos
989 2209 1180 2289 contulisse,
1208 2233 1282 2276 narn
1304 2212 1419 2280 eadem

351 2321 435 2413 apud
463 2334 638 2411 utrumque
658 2321 841 2412 scriptorem
864 2322 1090 2401 inueniuntnr3
1113 2322 1264 2389 Kransius
1283 2326 1419 2415 quide'm

350 2434 495 2523 Dionysii
525 2433 632 2498 locum
663 2455 727 2498 non
756 2432 931 2498 Fabianum
962 2455 1028 2498 esse
1056 2433 1231 2515 credebat,
1254 2458 1313 2525 ego
1340 2460 1420 2503 vero

349 2543 511 2610 contendo
539 2566 613 2608 eum
641 2541 719 2608 haec
738 2565 774 2607 er
796 2542 895 2608 Fabio
913 2541 1053 2609 hausisse
1062 2594 1075 2620 ‚.
1097 2567 1171 2610 narn
1192 2545 1344 2613 Nicolaus
1366 2550 1419 2616 di·

348 2669 428 2723 sorte
450 2655 545 2722 tradit
566 2655 648 2719 hane
668 2656 785 2720 farnarn
806 2656 888 2745 apud
914 2656 1050 2721 Fabium
1071 2656 1153 2746 legi,
1176 2659 1266 2749 atqui
1291 2660 1419 2752 Diony-

347 2771 411 2834 sius
443 2768 498 2858 qui
527 2767 614 2831 illius
644 2766 774 2832 annales
804 2767 898 2859 legit,
928 2768 1015 2834 hunc
1041 2794 1171 2862 quoque
1196 2771 1304 2839 locum
1329 2777 1420 2866 apud

294 2879 296 2882 ’
348 2904 422 2948 curn
453 2880 496 2944 sic
526 2879 656 2945 invenit.
713 2880 821 2946 Posset
850 2881 981 2971 quidem
1014 2885 1232 2952 testimonium
1261 2888 1342 2954 illud
1372 2892 1421 2956 sic

348 2993 469 3084 accipi,
490 3003 525 3057 ut
543 2991 743 3084 descripserit
758 2994 813 3059 ille
832 2994 978 3083 Dionysii
994 2997 1100 3063 locurn
1119 2998 1159 3064 de
1178 3000 1306 3066 condita
1327 3001 1421 3070 Urbe

349 3107 545 3196 ceterisque,
577 3118 609 3171 et
640 3118 717 3172 tunc
744 3108 778 3172 in
808 3109 872 3173 linc
903 3109 1102 3200 adscripserit
1128 3111 1210 3179 hanc
1236 3114 1326 3179 Fabii
1349 3141 1424 3183 esse

344 3221 482 3297 sornam,
503 3243 599 3310 quarn
619 3220 796 3285 accuratius
815 3218 985 3308 Dionysius
1000 3221 1040 3287 de
1061 3223 1167 3311 priore
1185 3237 1308 3291 tantum
1324 3241 1423 3316 parte

348 3335 487 3424 accepit3
516 3331 603 3424 qnod
629 3332 653 3398 si
673 3345 734 3413 est,
759 3332 817 3399 hos
837 3333 924 3398 locos
951 3357 1016 3400 non
1047 3349 1132 3401 recte
1156 3339 1261 3405 attuli.
1313 3341 1422 3425 Quid·

345 3446 425 3538 ,qnid
456 3457 518 3524 est,
552 3445 703 3511 Kransius
734 3446 817 3512 male
846 3445 1023 3528 dubitarit,
1054 3449 1178 3516 cuinam
1205 3451 1305 3518 Fabio
1333 3469 1423 3522 esset

349 3558 578 3627 vindicandum
606 3559 839 3648 fragmentum,
871 3561 924 3626 cui
952 3563 1131 3653 postposuit
1153 3562 1285 3631 lliodori
1305 3568 1421 3636 locum

345 3673 388 3740 do
414 3673 539 3739 Aeneae
563 3673 700 3738 somniis.

437 4013 630 4095 Πεπαρηθίου
662 4014 844 4088 Διοκλέους,
872 4013 903 4087 ὃς
928 4016 1013 4081 δοκεῖ
1033 4022 1150 4096 πρῶτος
1176 4019 1315 4084 ἐκδοῦναι
1340 4024 1421 4089 Ῥώ-

435 4151 497 4204 μης
532 4125 647 4199 κτίσιν,
674 4124 810 4190 ὕποπτον
840 4128 898 4206 μὲν
927 4128 1013 4201 ἐνίοις
1048 4130 1113 4195 ἔστί
1150 4131 1185 4195 πί
1221 4132 1424 4213 δραματικὸν

435 4238 488 4303 καί
518 4239 753 4316 πλασματῶδες
776 4251 800 4304 ⁴.

374 4404 394 4472 ν)
411 4370 486 4454 oroi.
510 4403 571 4452 nar.
595 4403 617 4451 1.
642 4408 684 4453 so.
737 4400 757 4469 ιι
775 4405 849 4456 naon.
873 4406 933 4457 Har.
957 4408 979 4457 1.
999 4412 1110 4457 sr-ss.
1163 4404 1184 4473 ν)
1199 4408 1284 4461 naar.
1302 4413 1431 4470 Damaso.

340 4507 365 4555 p.
385 4492 431 4539 461
453 4505 506 4554 sqq.
526 4489 563 4537 ed.
580 4487 654 4546 vat,
672 4502 696 4551 p.
717 4491 748 4539 to
766 4504 820 4555 sqq.
839 4491 878 4541 ed.
897 4490 940 4543 Or.
993 4489 1013 4557 ⁴)
1031 4492 1099 4542 Plut.
1121 4490 1192 4543 Rom.
1211 4499 1235 4546 8.

1585 3464 1586 3493 l

1585 3570 1586 3625 l

1585 3632 1586 3683 l

344 3900 402 3968 N⁰.
439 3898 512 3966 Xll.
553 3897 624 3964 Ὧν
655 3899 698 3963 rol
724 3909 865 3971 πλείστα
892 3902 944 3968 καί
967 3903 1089 3982 Φαβίου
1109 3904 1255 3984 λέγοντος
1278 3909 1333 3973 καί
1360 3918 1422 3977 τοῦ
1539 3945 1542 3953 ·
