3210 5300
365 434 425 495 324
506 452 533 502 n.
554 449 657 493 rrorus
679 449 706 500 n.
728 450 755 494 r.
777 449 804 498 n.
825 447 854 491 n.
875 446 1005 490 sumnus
1025 446 1196 491 conurrron
1217 427 1291 511 (tt).

377 642 443 708 tus,
476 652 575 720 quum
606 639 703 693 noctu
731 625 791 691 iter
817 624 964 690 faciebat.
1010 624 1156 715 Denique
1182 624 1254 690 luoe
1281 635 1348 689 orta
1369 648 1440 691 sero

380 743 529 833 apparuit
558 763 667 807 omues
694 739 798 804 hostes
826 761 898 804 oum
921 749 985 804 tota
1013 760 1067 803 sua
1087 736 1204 829 praeda
1227 749 1311 804 tutos
1328 738 1442 803 saltum

296 934 299 939 .
379 855 569 934 traduxisso;
601 867 680 918 tuno
707 852 807 918 levior
833 872 940 941 pugna
966 850 1133 915 commissa
1161 873 1227 915 esse
1258 849 1383 915 ridetur
1407 852 1440 916 in

381 980 522 1033 extremo
552 967 693 1057 agmine,
726 964 814 1056 qnod
844 962 1030 1054 impediret,
1062 962 1096 1027 ni
1127 962 1236 1040 fallor,
1270 964 1442 1052 quominus

381 1079 499 1145 Fabius
526 1079 649 1146 Poenos
668 1077 915 1168 subsequeretur
942 1088 974 1141 et
1002 1075 1198 1141 detineretur
1217 1078 1339 1165 potius,
1363 1074 1440 1141 dum

379 1191 438 1282 ipsi
471 1192 581 1258 Allifas
609 1204 772 1283 peterent3
806 1189 931 1255 ridetur
956 1200 1062 1254 tamen
1082 1210 1190 1278 pugna
1209 1187 1267 1252 ista
1288 1187 1440 1254 Romanis

378 1301 475 1369 fuisse
505 1305 648 1383 adversa,
672 1302 758 1394 quod
779 1315 845 1368 erat
865 1301 1132 1391 exspectandum,
1156 1299 1292 1365 Zonaras
1313 1312 1439 1366 coutra-

375 1415 457 1480 rium
483 1414 593 1493 tradit,
616 1415 722 1480 minus
746 1425 847 1492 rente,
870 1412 977 1478 oredo.

425 1527 515 1593 Tune
546 1551 676 1619 quoque
706 1526 867 1592 Hannibal
886 1526 1052 1615 cogitarit,
1076 1549 1115 1591 an
1140 1527 1274 1592 Romam
1299 1537 1441 1616 peteret,

378 1638 432 1706 sed
454 1663 647 1731 quacunque
669 1639 709 1706 de
732 1662 823 1705 causa
845 1639 1013 1704 eonsilium
1034 1639 1181 1717 mutarit,
1201 1638 1333 1704 fortasse
1352 1650 1441 1730 post·

377 1775 472 1843 quam
499 1753 598 1819 tabia
619 1754 733 1819 frustra
752 1751 916 1844 pugnandi
936 1751 1103 1817 obtulisset
1122 1752 1393 1842 opportunitatem
1417 1765 1439 1817 ¹.

375 1864 559 1933 Secundum
578 1866 704 1933 Livium
726 1874 738 1913 ²
760 1867 793 1931 in
815 1866 961 1956 Pelignus
980 1863 1084 1932 rediit.
1115 1864 1188 1929 lloo
1207 1864 1357 1956 equidem
1376 1887 1440 1932 non

379 1977 587 2059 crediderim,
610 2003 683 2045 narn
705 2002 769 2044 non
789 2002 847 2070 per
865 2001 935 2045 eam
956 1978 1116 2068 regionem
1138 1977 1199 2043 iter
1220 1977 1358 2044 dunebat
1377 1977 1441 2045 Ge·

373 2091 514 2169 romam,
545 2091 600 2156 ubi
620 2091 760 2158 hiemare
790 2092 933 2170 volebat;
968 2090 1127 2179 Polybiir·
1160 2091 1299 2155 narratio
1327 2090 1441 2156 melius

377 2226 442 2271 sese
464 2201 579 2280 babet,
607 2226 665 2294 per
683 2218 826 2270 montem
849 2204 1012 2270 Erbanunr
1033 2224 1147 2292 nempe
1167 2203 1296 2268 rediisse
1318 2203 1441 2269 Poeno·
1523 2274 1527 2281 ⁴

373 2339 446 2382 rum
465 2316 655 2395 exereitum,
679 2329 715 2382 ut
736 2330 821 2383 reete
843 2315 966 2381 Silius⁴
984 2339 1038 2381 eos
1053 2313 1201 2380 decantat
1214 2326 1290 2381 tuno
1302 2339 1442 2382 reversos

377 2451 454 2494 esse.
511 2427 676 2494 Haalrhius
704 2441 809 2495 autem
838 2442 979 2494 montem
1010 2426 1151 2493 eiusdem
1181 2428 1317 2494 nominis
1347 2428 1447 2495 situm

377 2560 443 2607 esse
475 2554 585 2607 monet
613 2543 646 2607 in
678 2541 784 2610 medio
813 2541 946 2608 Samnio
973 2541 1012 2607 ad
1034 2543 1168 2609 Matesos
1189 2555 1332 2623 montes,
1357 2542 1442 2608 haud

378 2653 494 2745 procul
522 2655 563 2719 ab
593 2654 715 2732 Altius,
749 2655 804 2720 ubi
829 2655 975 2721 Tifernus
1001 2655 1120 2732 oritur3
1144 2666 1267 2720 exstant
1292 2655 1349 2720 illo
1370 2656 1443 2723 loeo

380 2765 497 2831 rudera
524 2766 736 2857 antiquissimi
756 2770 874 2857 operis,
897 2791 980 2859 quae
1001 2768 1049 2833 rel
1070 2766 1221 2833 hodierna
1241 2767 1323 2834 fama
1344 2769 1445 2834 Fabio

379 2877 517 2943 Maximo
549 2879 668 2946 tribuit.
714 2880 800 2945 llaec
830 2881 935 2946 omnia
959 2880 1110 2946 facillime
1133 2881 1178 2946 sio
1198 2880 1348 2972 coniungi
1367 2905 1444 2973 pos-

382 3002 474 3070 sunt,
507 2992 596 3081 atqui
623 2993 816 3082 Polybianae
846 2995 948 3059 famae
976 2993 1146 3085 respondet
1177 2994 1320 3061 locorum
1347 2996 1444 3075 situs;

381 3126 439 3194 per
465 3103 602 3187 vallum,
635 3107 690 3172 ubi
711 3107 856 3173 Tifernus
877 3107 1009 3185 defluit,
1036 3108 1128 3198 petiit
1157 3107 1318 3174 Hannibal
1343 3107 1448 3174 b'ren-

383 3229 486 3297 tanos,
517 3217 573 3284 ubi
591 3242 692 3312 prope
714 3219 881 3286 Geroniam
906 3235 918 3272 ⁵
941 3218 1078 3286 hiemem
1099 3219 1245 3310 degeret,
1274 3221 1356 3288 sicut
1376 3221 1447 3286 fao-

383 3339 453 3394 tum
474 3340 540 3408 est,
565 3330 643 3396 urbe
663 3344 753 3421 capta
773 3344 805 3396 et
824 3330 944 3397 horreis
966 3333 998 3396 in
1018 3354 1110 3399 suum
1134 3355 1225 3399 usum
1247 3334 1414 3400 conversis.

426 3439 498 3506 Hoc
514 3442 628 3508 itinere
646 3466 680 3508 re
701 3468 772 3510 rera
790 3445 907 3510 Fabius
927 3444 1139 3512 Hannibalem
1159 3447 1345 3513 subsecutus
1366 3460 1379 3499 t
1397 3461 1448 3514 est

384 3575 422 3619 er
449 3562 522 3620 inea
552 3557 716 3647 opinione,
749 3569 827 3623 tuno
854 3558 940 3624 euim
965 3582 1028 3624 uon
1049 3559 1186 3650 amplius
1207 3561 1296 3627 auxie
1316 3558 1448 3627 Latium

383 3679 450 3732 orat
480 3668 737 3751 defendendnm3
768 3671 892 3737 Poenus
915 3672 1147 3751 revertebatur,
1171 3675 1261 3764 atqui
1286 3687 1354 3740 tuto
1374 3672 1451 3738 dio-

383 3789 468 3842 tator
496 3778 673 3846 dummodo
701 3780 834 3846 modieis
853 3782 1025 3848 intervallis
1046 3807 1119 3850 eum
1141 3786 1289 3875 persequi
1312 3798 1450 3876 poterat.

384 3889 485 3975 Quam
503 3892 691 3957 sententiam
709 3915 747 3957 eo
771 3893 897 3959 facilius
918 3893 1000 3958 tueri
1020 3918 1163 3984 possum,
1188 3895 1275 3985 quod
1295 3908 1449 3963 constet⁷

379 4004 513 4071 Fabium
535 4006 569 4070 in
586 4006 734 4071 Larinate
753 4029 843 4096 agro,
868 4007 924 4096 qui
942 4019 989 4072 est
1010 4008 1240 4075 Frentanorum
1259 4033 1332 4099 pars
1349 4011 1452 4076 meri-

380 4117 516 4183 dionalis
541 4128 640 4184 eastra
663 4118 814 4208 posuisse.

405 4319 426 4385 ¹)
443 4321 501 4372 Lis.
520 4320 612 4372 xle
636 4323 677 4382 ιτ,
698 4324 738 4371 rs.
781 4314 973 4385 ttxxnus.
1017 4320 1037 4388 Ι)
1054 4326 1106 4374 111.
1126 4327 1236 4388 urso.
1270 4323 1372 4390 ⁴)er
1396 4331 1461 4380 152¹.

370 4404 390 4465 n
407 4406 498 4470 Polyb.
520 4406 572 4456 111.
595 4411 643 4455 roo
662 4407 677 4469 s
697 4411 725 4466 t;
748 4406 806 4457 biv.
824 4406 916 4456 xxn.
936 4413 982 4467 aa,
1008 4413 1054 4467 on
1073 4411 1140 4475 App.
1162 4408 1230 4460 Han.
1251 4416 1291 4461 rs.
1343 4410 1364 4478 ὁ)
1383 4413 1459 4480 App

370 4490 439 4542 Han.
461 4493 500 4539 ro.
553 4486 573 4556 ⁷)
592 4490 682 4554 Polyb.
701 4490 752 4541 111.
776 4495 820 4540 ror
831 4512 837 4549 ;
856 4492 913 4542 Ltv.
931 4492 1022 4544 xxn.
1042 4499 1082 4545 aa.
