3154 5294
328 464 386 526 lto
447 455 999 539 n.riorusr.r.u.u.surusrus(15).
1020 455 1082 537 53.
1099 472 1209 518 causon
1221 457 1291 520 ³91.

333 669 517 724 crearentur
529 654 771 747 tribuniplebis.
796 652 989 719 llinoannus
1002 650 1213 719 circumactus
1225 653 1396 745 ecuprior-

333 793 430 861 quam
453 795 470 837 a
490 768 619 836 Velitris
641 767 782 860 legiones
805 765 958 832 reductae
975 764 1047 832 siut.

683 943 701 1027 §
725 942 755 1002 3.
807 930 932 1000 Censor
956 933 1029 999 391.

397 1093 429 1141 Μ.
448 1092 553 1140 Flssltls
572 1092 602 1140 li.
621 1090 646 1138 F.
664 1090 743 1145 Mill.
763 1088 950 1137 AMBUSTUS.

407 1178 434 1227 1..
451 1177 585 1226 FURIUS.
604 1177 655 1224 SP.
674 1177 704 1225 F.
722 1177 751 1224 L.
771 1175 894 1224 NEPOS
908 1172 1147 1222 MEDULLINUS.
1200 1172 1229 1223 1..
1248 1173 1278 1220 F.
1295 1173 1353 1221 XX.
1457 1193 1467 1207 .

374 1305 474 1370 Recte
504 1304 538 1370 in
566 1303 653 1374 buno
681 1303 812 1370 modum
845 1302 1095 1394 Fastisuppleti
1115 1312 1203 1379 sunt;
1233 1301 1289 1392 qui
1309 1301 1396 1368 enim

327 1420 389 1484 iam
411 1418 459 1483 bis
479 1418 620 1507 collegae
638 1417 765 1484 fuerant
783 1418 816 1482 in
836 1417 999 1483 tribunatu
1020 1416 1115 1503 (373,
1134 1414 1231 1499 384),
1255 1415 1395 1480 nuncin

328 1554 463 1599 censura·
480 1532 622 1621 collegae
640 1532 736 1598 luisse
756 1531 910 1622 legantur.
958 1529 1032 1596 Non
1051 1529 1091 1599 de
1110 1530 1210 1595 altero
1231 1527 1274 1601 M.
1294 1528 1395 1594 Fabio

326 1644 502 1733 cogitemus
521 1665 647 1711 necesse
666 1656 728 1724 est,
748 1667 820 1710 nam
840 1642 892 1709 hic
911 1643 998 1709 solus
1016 1641 1066 1711 lris
1088 1641 1285 1733 temporibus
1301 1641 1396 1707 lunc-

329 1770 381 1825 tus
404 1768 470 1824 erat
490 1757 663 1825 maioribus
681 1757 872 1837 honoribus,
896 1779 1001 1847 neque
1021 1755 1118 1822 frater
1137 1754 1290 1846 patruelis
1311 1752 1398 1820 Mar·

326 1894 383 1937 cus
397 1871 467 1958 (13)
481 1871 513 1936 in
526 1872 767 1951 consumserit,
782 1871 939 1961 siquidem
950 1894 1035 1937 anno
1047 1873 1112 1936 394
1133 1870 1245 1934 consul
1256 1869 1397 1959 primum

327 1984 398 2053 luit.
434 1983 565 2059 Classici
581 1987 767 2076 ceteroquin
788 1985 911 2052 nullam
930 1983 1025 2051 buius
1044 2004 1195 2051 censurae
1215 1981 1396 2049 iniecerunt

327 2098 534 2165 mentionem.

769 2317 948 2331 κ

728 2471 918 2546 CAPUT
948 2471 992 2546 V.

465 2624 598 2692 uinces
620 2644 738 2691 ninius
761 2644 792 2692 rr.
818 2643 848 2692 r.
874 2643 909 2692 u.
934 2643 962 2690 re.
988 2642 1156 2690 aunusrns
1182 2623 1263 2713 (13).

666 2777 684 2860 §
713 2778 739 2841 1.
790 2771 959 2841 consult.
983 2778 1059 2842 394.

512 2928 543 2976 bl.
561 2927 661 2974 FABIUS
681 2927 708 2975 N.
727 2927 750 2974 F.
770 2927 801 2975 ll.
819 2928 847 2976 N.
865 2926 1055 2976 AMBUSTUS
1067 2922 1086 2974 ¹.

471 3023 473 3028 '
513 3013 540 3060 C.
560 3011 763 3061 Pourutlus
779 3012 805 3061 C'.
825 3012 854 3061 It'.
875 3013 906 3071 Q.
925 3012 960 3061 Ν.
978 3012 1061 3060 LIBO
1080 3010 1230 3062 VISOLUS.

375 3139 498 3207 Alius²
545 3139 663 3211 indolis
696 3139 795 3207 fuisse
825 3140 963 3206 traditur
992 3139 1092 3204 Marci
1119 3139 1217 3206 frater
1245 3140 1398 3230 patruelis

327 3253 468 3333 Marcus,
498 3253 551 3318 cui
575 3253 700 3320 consuli
723 3254 831 3320 evenit
852 3253 975 3319 bellurn
994 3264 1104 3319 contra
1125 3253 1289 3320 Hernicus.
1338 3253 1396 3318 llis

325 3389 442 3458 nempe
463 3365 599 3432 ducibus
618 3365 721 3445 Galli,
744 3367 802 3458 qui
819 3366 852 3431 in
869 3363 1045 3457 Campania
1062 3365 1268 3432 morabantur
1285 3377 1396 3432 contra

327 3481 445 3546 Albam
465 3480 581 3570 egressi
601 3502 685 3545 euno
707 3477 928 3570 praecedenti,
947 3478 1042 3544 foede
1055 3500 1167 3569 agrum
1184 3477 1394 3557 Lauicanam,

326 3592 543 3660 Tusculanum
562 3604 594 3659 et
618 3593 777 3658 Albanum
796 3592 1044 3684 populabantur.
1091 3591 1210 3660 Contra
1229 3592 1395 3659 Tiburtem

292 3712 296 3719 ’
326 3705 451 3774 hostem
476 3706 588 3773 consul
610 3704 804 3785 sufficiebat,
828 3716 940 3771 contra
961 3704 1121 3772 Gallicum
1144 3705 1336 3785 tumultum,
1359 3716 1396 3771 ut
1514 3707 1522 3725 '
1564 3682 1565 3751 i

328 3843 397 3887 mos
425 3821 544 3899 fertur,
577 3819 714 3891 dictator
741 3818 846 3883 dictus
877 3829 924 3884 est
957 3817 993 3902 Q.
1021 3817 1172 3885 Seruilius
1200 3817 1319 3897 Ahala,
1342 3819 1395 3884 cni

328 3935 479 4024 magister
501 3928 646 4026 equitum
669 3933 729 3999 init
751 3933 786 3998 Τ.
808 3930 987 4015 Quinctius.
1036 3931 1126 3998 luter
1149 3930 1297 3998 Tiburtes
1316 3952 1396 3997 con·

329 4049 441 4114 sularis
467 4046 640 4138 permansit
669 4045 842 4123 exercitum
866 4046 1034 4136 novisque
1049 4044 1180 4112 delectis
1208 4042 1309 4136 copiis
1333 4067 1394 4137 pu·

330 4160 438 4251 gnarit
460 4157 598 4225 dictator
619 4158 702 4225 haud
724 4154 842 4250 procul
860 4182 877 4224 a
892 4152 983 4250 porta
1000 4154 1136 4226 Collina.
1185 4158 1393 4224 Hincmirunr

356 4437 378 4505 ¹)
402 4437 470 4490 Fest.
504 4438 545 4489 ni.
570 4438 597 4489 h.
624 4453 662 4498 ις
688 4437 746 4489 Liv.
771 4437 840 4488 VII.
871 4440 914 4496 113
941 4435 1015 4489 Diod.
1039 4437 1089 4492 Sic.
1116 4437 1193 4492 XVI.
1218 4441 1247 4498 93
1273 4437 1397 4496 Cassiod..

323 4524 377 4576 An.
395 4524 473 4583 Nom
490 4521 561 4576 nasu
579 4522 630 4576 Sic.
700 4518 721 4588 ²)
741 4520 798 4573 Lir.
816 4520 882 4573 VII.
904 4524 943 4570 11.
