3210 5300
332 445 393 507 304
475 465 502 514 o.
524 462 625 508 saurus
646 462 673 514 o.
695 462 723 505 r.
745 461 773 512 o.
794 460 822 506 a.
845 461 976 505 narinus
996 460 1166 505 concarrus
1187 442 1262 524 (33).

336 642 476 709 dubitari
503 641 594 719 licet,
626 664 665 706 an
692 651 801 706 noster
826 638 1053 730 intelligendus
1073 638 1124 705 sit.
1169 638 1316 730 lienique
1337 636 1402 703 huc

336 755 475 822 trahitur
499 754 713 844 fragmentum
735 753 799 820 saxi
825 767 833 804 ¹
861 752 1022 819 Tiburtini
1042 751 1239 820 venerandae
1260 751 1403 842 untiqui-

336 870 408 935 tatis
434 892 452 935 e
476 867 599 935 fornice
621 866 756 935 Cloaoae
776 867 932 933 Maximae
951 867 984 932 in
1008 867 1078 933 loro
1099 868 1246 933 Romano
1263 865 1401 931 inventi:

473 997 504 1060 Q.
526 998 645 1046 raetos
668 997 697 1057 o.
721 998 750 1045 r.
775 996 951 1044 namneus
974 995 1049 1043 lun.
1075 995 1154 1043 cun.
1177 995 1238 1042 uss

472 1114 502 1174 o.
525 1111 626 1160 rsnrn
720 1110 748 1158 r.
773 1110 884 1158 naxon
920 1097 925 1104 '
1074 1107 1141 1156 cun
1175 1108 1220 1155 ax

381 1210 423 1275 Aa
453 1219 540 1273 reete
571 1204 735 1273 llaalhius
756 1206 900 1271 observat
920 1203 1097 1295 fragmenta
1118 1202 1178 1268 ista
1198 1201 1239 1267 ad
1259 1200 1404 1268 Cuncta·

334 1323 412 1389 toris
440 1332 571 1413 nepotes
597 1318 775 1411 perfluere,
808 1315 864 1383 sed
892 1339 958 1383 non
989 1314 1030 1382 ad
1062 1338 1137 1381 eum
1160 1316 1284 1406 ipsum,
1313 1316 1403 1382 ouius

337 1447 480 1526 tempore
500 1433 697 1501 scribebatur
722 1430 833 1498 aedilis
855 1453 913 1522 per
933 1434 980 1496 ai.
1029 1428 1116 1514 Quae
1136 1451 1236 1521 quum
1257 1430 1302 1494 ita
1323 1430 1407 1508 sint,

334 1571 400 1614 nou
420 1545 516 1613 eredo
530 1569 583 1612 rna
604 1546 738 1611 nimium
758 1544 871 1611 dixisse
889 1566 949 1609 nos
967 1541 1008 1609 de
1025 1542 1188 1609 aedilitate
1200 1540 1404 1610 Cunctatoris

333 1659 462 1752 proprie
485 1656 532 1724 nil
556 1658 647 1726 scire.

671 1842 689 1925 §
714 1844 744 1905 3.
794 1835 921 1905 Consul
941 1836 968 1904 Ι.
991 1839 1069 1903 521.

441 2010 471 2068 o.
490 2007 620 2058 morus
636 2007 666 2066 o.
687 2008 715 2057 n
736 2007 765 2065 o.
785 1996 820 2056 rr.
838 2006 1006 2055 rrAxrrrus
1025 2005 1259 2055 rnaaueossus
1275 2002 1300 2073 ²..

440 2095 479 2143 Μ’
496 2091 708 2142 POMPONIUS
722 2093 763 2140 Μ’
780 2092 810 2141 F.
828 2093 867 2140 Μ’
884 2091 921 2140 Ν.
939 2092 1073 2140 Manu.
1217 2112 1219 2119 ,

380 2220 535 2290 Novimus
565 2244 602 2287 ex
631 2217 785 2287 Cicerone
815 2229 828 2268 ³
854 2219 960 2311 primo
981 2219 1150 2285 consulatu
1167 2240 1235 2285 esse
1253 2217 1402 2286 functum

336 2335 471 2402 Fabium
500 2346 644 2400 nostrum
669 2354 753 2398 anno
779 2344 851 2424 post
880 2343 991 2398 natum
1023 2329 1178 2398 Catonem
1197 2331 1231 2398 id
1253 2344 1300 2398 est
1320 2337 1403 2413 521;

336 2449 377 2515 de
393 2471 459 2540 quo
476 2447 598 2514 honore
608 2465 767 2538 perpauca
787 2457 912 2511 tanturn
931 2444 1023 2512 nobis
1043 2457 1163 2512 serrata
1181 2458 1254 2511 sunt
1270 2458 1404 2538 propter

336 2561 486 2629 Liuianae
523 2557 650 2625 decadis
686 2557 844 2624 secundae
879 2558 1055 2625 interitum.
1112 2554 1263 2648 Suspicor
1294 2570 1402 2625 tamen

334 2673 421 2741 baud
441 2674 486 2739 ita
514 2672 616 2738 multu
636 2672 766 2761 gessisse
788 2683 953 2750 nostrum,
973 2694 1046 2737 narn
1069 2670 1258 2737 Plutarchus
1276 2670 1402 2737 nonnisi

335 2789 403 2854 eius
427 2782 626 2874 triumphum
644 2782 684 2850 de
700 2782 872 2874 Liguribus
894 2784 1042 2863 tradidit,
1067 2797 1103 2850 ut
1123 2785 1270 2851 Aurelius
1291 2783 1404 2849 Victor

336 2912 369 2965 et
389 2897 493 2976 Fasti,
516 2908 654 2963 attamen
676 2896 849 2963 Plutarcho
870 2897 909 2964 ad
931 2920 1062 2964 manum
1082 2911 1149 2964 erat
1164 2897 1248 2963 Livii
1263 2895 1402 2964 secunda

337 3012 447 3091 decas,
475 3035 513 3077 ex
538 3011 629 3076 cuius
648 3010 731 3076 libro
751 3010 866 3077 ultimo
885 3008 990 3077 bausit
1009 3010 1124 3102 procul
1144 3010 1244 3077 dubio
1263 3032 1346 3103 quae
1365 3009 1400 3074 in

262 3171 265 3175 ›
335 3123 401 3188 ritu
426 3121 570 3188 Marcelli
589 3129 602 3167 ⁴
633 3122 869 3189 accuratissime
888 3122 1013 3214 scripsit
1028 3121 1068 3190 de
1085 3122 1180 3188 huius
1197 3124 1399 3214 expeditione

336 3248 448 3302 contra
469 3235 578 3302 Gallos
593 3234 754 3302 Insubres.

382 3351 517 3416 Zonaras
546 3371 648 3439 pauca
676 3350 769 3440 plura
807 3347 919 3428 habet,
952 3349 1039 3416 undo
1072 3349 1193 3416 *haecce
1222 3349 1312 3415 lubet
1342 3348 1401 3415 de·

334 3450 444 3529 libare.
500 3465 571 3528 Post
607 3464 704 3530 linem
739 3462 818 3530 belli
847 3463 961 3529 Punici
992 3464 1119 3530 clausae
1148 3463 1277 3556 quidem
1309 3476 1400 3530 erant

333 3575 402 3641 Iani
430 3587 556 3667 portae,
589 3575 677 3667 quod
708 3577 804 3643 semel
830 3588 952 3643 tantum
973 3590 1045 3668 post
1066 3577 1203 3644 Numam
1226 3576 1398 3655 acciderat,

336 3686 392 3755 sed
419 3689 498 3755 dicis
528 3711 622 3755 causa
648 3689 731 3755 illud
761 3690 881 3755 iactum
901 3690 1106 3770 crediderim,
1130 3714 1205 3758 nam
1225 3692 1293 3757 sine
1310 3689 1400 3756 bello

334 3824 400 3868 nan
422 3814 546 3892 poterat
564 3801 736 3868 bellicosus
757 3784 896 3892 populus
919 3801 1092 3887 Quiritium
1116 3802 1230 3869 risere.
1278 3800 1400 3867 Perdu-

334 3914 450 3981 rabant¹
469 3936 584 4008 nempe
604 3913 687 3980 bella
710 3927 820 3980 contra
838 3914 951 3981 Sardes
973 3928 1006 3980 et
1030 3915 1139 3981 Gallos
1159 3914 1400 4007 Transalpinos,

333 4049 408 4094 cum
427 4026 545 4119 quibus
564 4026 605 4092 ab
625 4049 711 4092 anno
731 4031 796 4094 516
816 4026 972 4094 bellatum
992 4041 1116 4095 estnec
1134 4028 1398 4106 malosuccessu,

361 4255 383 4322 Ι)
399 4255 470 4307 orat
493 4252 565 4320 corp.
582 4251 661 4305 Iaser.
680 4253 737 4306 Lot.
755 4273 783 4322 p.
799 4256 976 4317 CLXXXIV,
994 4273 1020 4307 n.
1038 4263 1064 4307 4.
1116 4254 1137 4323 ²)
1154 4257 1224 4307 Fast.
1244 4257 1305 4321 Cep.
1322 4257 1349 4307 h.
1366 4272 1404 4316 ις

325 4341 378 4394 Cic.
402 4339 462 4390 Cato
480 4346 496 4390 4
515 4342 530 4404 5
551 4340 681 4398 10;P1ut
702 4340 764 4392 Fas.
783 4348 811 4403 2;
833 4342 923 4393 Zonsn
941 4343 1021 4394 VIII.
1041 4347 1087 4402 ls;
1110 4342 1235 4401 emunda
1255 4343 1309 4393 An.
1326 4342 1402 4399 Nom

325 4427 394 4477 Fest.
412 4424 465 4476 Sic.
518 4422 538 4491 ⁶)
560 4421 620 4473 Cato
637 4432 653 4475 4
671 4425 684 4490 b
705 4431 748 4487 103
768 4428 910 4479 Aux.Vict.
933 4422 1007 4476 V.I.
1033 4433 1081 4488 ⁴¹33
1099 4426 1168 4478 Plut
1186 4425 1248 4476 Fcb.
1268 4432 1296 4486 2;
1314 4425 1403 4476 Zoner.

327 4510 404 4563 vm.
431 4514 469 4560 18.
522 4504 543 4577 6)
560 4508 621 4573 Cep.
640 4512 717 4561 6-8.
