3190 5304
408 456 430 540 5
452 458 480 520 t.
501 476 653 523 rourrrar.
673 460 695 542 1
716 463 746 524 5.
767 477 841 523 trus
862 480 1050 527 sturemare.
1211 463 1272 526 395

204 651 335 722 tradidit
352 651 427 734 ille,
446 651 530 721 idern
546 678 564 720 a
581 653 798 740 Quinctilieno
814 667 823 707 ¹
838 655 991 723 tribuitur
1001 656 1055 724 alii
1067 656 1168 725 Fabio
1180 656 1269 747 (51),

203 767 374 835 Alburnum
402 765 494 847 dico,
524 767 613 860 quod
644 769 794 836 contenit
820 790 894 836 oum
919 784 1079 861 tempore,
1104 794 1169 861 qao
1190 767 1273 837 Oro·

202 881 267 946 sius
287 891 301 930 ²
322 877 406 947 illud
425 891 549 960 narrat,
572 903 690 973 nempe
709 882 806 949 breve
824 895 899 971 ante
914 885 995 962 652,
1019 882 1060 950 de
1076 906 1142 973 quo
1157 882 1267 948 inlra³

202 992 392 1097 ridebimus.
438 992 532 1060 Nunc
560 994 654 1061 rideo
682 994 839 1062 linthium
865 1018 995 1087 quoque
1016 995 1144 1063 Valerio
1170 993 1269 1063 fidem

202 1103 384 1194 abnegasse.

552 1243 626 1326 §a
675 1240 854 1332 [reign
877 1242 916 1332 a]

250 1442 321 1510 Hoc
337 1441 514 1511 sacerdotio
531 1443 742 1515 Servilianum
752 1469 820 1514 esse
830 1448 978 1515 iunctum
990 1446 1171 1514 Macrobius
1182 1446 1272 1515 nobis

204 1568 317 1623 auctor
344 1567 410 1637 est,
444 1556 501 1622 ubi
529 1558 662 1626 unicum
687 1559 767 1627 illud
797 1561 888 1628 affert
916 1563 1150 1652 fragmentum,
1184 1561 1272 1652 quod

204 1692 299 1761 supra
320 1680 334 1719 ⁶
353 1668 464 1736 Servio
487 1671 589 1739 Fabio
609 1673 726 1741 Pictori
745 1673 909 1742 vindicare
926 1689 1058 1743 conatus
1077 1697 1157 1743 sum.
1185 1673 1274 1742 uon-

204 1782 303 1849 tendo
336 1806 453 1874 nempe
488 1784 688 1853 Macrobium
726 1787 788 1853 sibi
823 1788 959 1855 soluisse
992 1810 1057 1855 uon
1085 1787 1276 1855 Seroa'lr'ani

204 1896 382 1983 Pmetzfices
406 1898 490 1963 lien·
508 1898 636 1980 locum,
656 1899 712 1966 sed
731 1899 849 1967 Serota·
866 1901 1045 1988 Pcnlr'fict‘t'
1064 1899 1162 1965 Iuris
1183 1900 1273 1966 libri.

206 2010 334 2077 Maneat
354 2033 429 2099 ergo
447 2022 534 2077 eitra
550 2033 682 2079 censum
701 2011 764 2079 hoo
783 2013 824 2078 dc
842 2013 1019 2079 sacerdotio
1039 2012 1273 2090 testimonium

204 2122 366 2191 Harlessio
388 2135 401 2174 ⁶
422 2137 530 2192 contra
549 2124 693 2204 ridetur,
717 2125 775 2215 qui
795 2123 1007 2192 Servilianum
1027 2138 1153 2215 praeter
1172 2123 1274 2191 histo·

207 2237 289 2304 riuos
312 2237 411 2303 libros
431 2236 579 2328 perhibet
598 2239 759 2330 scripsisse
780 2239 880 2305 libros
899 2238 939 2305 de
959 2239 1028 2305 iure
1049 2236 1227 2328 pontificio.

534 2422 553 2505 ς
579 2424 609 2486 5.
655 2420 750 2486 laus
773 2422 960 2486 litteraria.

253 2577 341 2641 luter
368 2574 501 2654 Fabios,
534 2576 591 2666 qui
615 2575 712 2641 laude
737 2574 890 2641 litteraria
910 2573 1144 2652 inclaruerunt,
1168 2585 1275 2640 noster

210 2709 341 2780 quoque
359 2687 468 2755 locum
496 2688 557 2754 sibi
575 2690 729 2779 postulat,
753 2688 879 2754 etiamsi
900 2711 965 2753 non
985 2686 1065 2753 adeo
1084 2686 1275 2766 innotuerit,

207 2801 254 2866 ita
272 2812 307 2866 ut
326 2799 377 2865 rel
397 2799 506 2865 multis
525 2810 688 2889 suspectus
707 2799 861 2866 rideatur.
909 2799 1086 2865 Enumerat
1103 2821 1178 2864 eum
1197 2796 1276 2863 llio-

208 2913 317 3002 nysius
349 2922 363 2961 ⁷
386 2912 470 2978 inter
494 2911 573 2979 alios
593 2912 757 2979 Romanae
778 2911 930 2978 historiae
949 2924 1110 2993 auctores,
1134 2912 1193 3002 qui
1211 2910 1276 2977 La·

210 3027 280 3092 tino
309 3046 454 3092 sermone
483 3048 534 3092 rcs
560 3038 662 3116 gestas
685 3027 896 3118 scripserunt:
927 3026 1076 3093 Porcium
1102 3024 1277 3104 catonem,

208 3139 343 3206 Fabium
359 3138 547 3217 Maximum,
566 3139 731 3206 Valerium
747 3140 924 3218 Antiatem,
941 3138 1103 3205 Licinium
1119 3139 1277 3216 Macrum,

210 3253 337 3331 Aelios,
363 3251 500 3332 Gellius,
524 3249 723 3342 Calpurnius,

256 3364 390 3431 Constat
411 3388 485 3456 ergo
506 3365 643 3432 Fabium
661 3366 756 3432 illum
775 3365 947 3432 Maximum
969 3364 1082 3430 Latiae
1101 3362 1278 3454 scripsisse,

211 3478 276 3544 iam
286 3478 487 3569 probandum
498 3491 545 3545 cst
563 3503 629 3545 non
648 3479 860 3546 Aemilianum
879 3479 968 3545 serbi
986 3501 1077 3545 causa
1094 3477 1279 3567 intelligen-

211 3588 290 3657 dum
320 3613 387 3656 esse
413 3614 522 3657 rerum
544 3588 776 3672 Servilianum
801 3592 945 3682 suspicor
964 3590 1026 3655 hoc
1048 3611 1177 3682 quoque
1199 3612 1278 3655 con·

150 3780 152 3785 ⁴
210 3715 295 3770 stare
321 3701 418 3769 hodie
438 3717 571 3796 propter
589 3728 709 3772 novum
729 3705 812 3771 illud
834 3706 1048 3795 fragmentum
1068 3703 1154 3794 apud
1174 3700 1278 3769 Scho-

212 3816 339 3883 liastam
367 3817 510 3908 Virgilii,
541 3841 639 3910 quem
669 3818 810 3909 Angelus
838 3818 903 3884 Mai
931 3818 1054 3908 primus
1082 3814 1199 3895 edidit,
1223 3816 1279 3882 ubi

212 3928 330 3996 diserte
354 3932 538 3999 nominatur
560 3931 755 4001 Serrilianus
773 3944 799 3997 ⁸.

259 4042 457 4113 Ancieeroa
477 4045 512 4111 in
530 4046 605 4112 loco
625 4067 719 4136 supra
741 4056 771 4097 ¹⁰
794 4045 893 4111 allato
910 4057 1054 4111 nostrum
1071 4066 1201 4136 quoque
1217 4043 1278 4110 sibi

242 4269 348 4333 ltuect
374 4272 426 4321 III.
456 4274 496 4323 17.
583 4269 656 4338 ι111.
684 4277 723 4322 16.
810 4269 967 4336 51010111).
988 4272 1088 4337 srvit
1112 4271 1286 4322 huiueLibri.

207 4353 229 4421 ⁴)
247 4355 359 4406 Macrob.
372 4351 426 4405 Sat.
441 4357 464 4407 Ι.
483 4360 522 4407 16.
575 4353 595 4421 ⁵)
613 4356 652 4408 Gi.
669 4359 727 4408 Lib.
744 4359 779 4410 V.
798 4356 859 4422 Cep.
877 4372 905 4407 vr
922 4357 935 4422 d
952 4363 983 4419 3,
1000 4357 1090 4423 lregm.
1109 4357 1164 4417 VI,
1181 4371 1207 4420 p.
1225 4362 1286 4406 209.

205 4438 228 4504 ε1
245 4440 308 4503 Peg.
329 4446 375 4503 12,
393 4444 435 4491 at.
487 4438 591 4506 ⁷)1.7.
643 4440 1029 4507 ⁸)cf.tregnn111,p.ess.
1082 4437 1284 4512 truentum.

205 4529 240 4575 26
256 4525 269 4591 §
284 4530 325 4578 55.
379 4525 412 4593 1⁰)
429 4524 470 4580 Cl.
487 4526 520 4590 Q.
535 4526 639 4579 Pictoris
656 4527 744 4592 fragm.
763 4528 873 4590 XXVI,
891 4543 915 4593 p.
937 4531 994 4578 lte.
