<?xml version="1.0" encoding="UTF-8"?>
<!DOCTYPE html PUBLIC "-//W3C//DTD XHTML 1.0 Transitional//EN"
    "http://www.w3.org/TR/xhtml1/DTD/xhtml1-transitional.dtd">
<html xmlns="http://www.w3.org/1999/xhtml" xml:lang="en" lang="en">
 <head>
  <title>
</title>
<meta http-equiv="Content-Type" content="text/html;charset=utf-8" />
  <meta name='ocr-system' content='tesseract 3.04.00' />
  <meta name='ocr-capabilities' content='ocr_page ocr_carea ocr_par ocr_line ocrx_word'/>
</head>
<body>
  <div class='ocr_page' id='page_1' title='image "./disputatiodegen00servgoog_0045.png"; bbox 0 0 3194 5302; ppageno 0'>
   <div class='ocr_carea' id='block_1_1' title="bbox 353 445 1307 528">
    <p class='ocr_par' dir='ltr' id='par_1_1' title="bbox 353 445 1307 528">
     <span class='ocr_line' id='line_1_1' title="bbox 353 445 1307 528; baseline -0.004 -16"><span class='ocrx_word' id='word_1_1' title='bbox 353 453 393 512; x_wconf 81' lang='lat'><strong>30</strong></span> <span class='ocrx_word' id='word_1_2' title='bbox 477 468 505 516; x_wconf 87' lang='lat' dir='ltr'><strong>o.</strong></span> <span class='ocrx_word' id='word_1_3' title='bbox 523 465 625 509; x_wconf 83' lang='lat' dir='ltr'><strong>saeros</strong></span> <span class='ocrx_word' id='word_1_4' title='bbox 641 465 669 507; x_wconf 82' lang='lat' dir='ltr'><strong>rr.</strong></span> <span class='ocrx_word' id='word_1_5' title='bbox 681 465 707 507; x_wconf 86' lang='lat' dir='ltr'><strong>r.</strong></span> <span class='ocrx_word' id='word_1_6' title='bbox 724 462 884 515; x_wconf 72' lang='lat' dir='ltr'><strong>rinoceros</strong></span> <span class='ocrx_word' id='word_1_7' title='bbox 895 445 950 528; x_wconf 85' lang='lat'>(2).</span> <span class='ocrx_word' id='word_1_8' title='bbox 997 447 1018 528; x_wconf 52' lang='grc' dir='ltr'><em>ᾗ</em></span> <span class='ocrx_word' id='word_1_9' title='bbox 1033 449 1058 509; x_wconf 92' lang='lat' dir='ltr'><strong>l.</strong></span> <span class='ocrx_word' id='word_1_10' title='bbox 1079 465 1189 509; x_wconf 81' lang='lat' dir='ltr'><strong>corson</strong></span> <span class='ocrx_word' id='word_1_11' title='bbox 1200 449 1225 509; x_wconf 92' lang='grc' dir='ltr'><strong>Ι.</strong></span> <span class='ocrx_word' id='word_1_12' title='bbox 1239 448 1307 510; x_wconf 87' lang='grc'><strong>269.</strong></span> 
     </span>
    </p>
   </div>
   <div class='ocr_carea' id='block_1_2' title="bbox 287 640 1440 4235">
    <p class='ocr_par' dir='ltr' id='par_1_2' title="bbox 287 640 1439 4003">
     <span class='ocr_line' id='line_1_2' title="bbox 360 640 1427 733; baseline -0.001 -24"><span class='ocrx_word' id='word_1_13' title='bbox 360 644 454 723; x_wconf 83' lang='lat' dir='ltr'><strong>Piso,</strong></span> <span class='ocrx_word' id='word_1_14' title='bbox 479 644 535 733; x_wconf 90' lang='lat' dir='ltr'><strong>qui</strong></span> <span class='ocrx_word' id='word_1_15' title='bbox 562 642 653 707; x_wconf 82' lang='lat' dir='ltr'><strong>nobis</strong></span> <span class='ocrx_word' id='word_1_16' title='bbox 674 640 803 706; x_wconf 79' lang='lat' dir='ltr'>tradidit</span> <span class='ocrx_word' id='word_1_17' title='bbox 827 664 912 709; x_wconf 90' lang='lat' dir='ltr'><strong>anno</strong></span> <span class='ocrx_word' id='word_1_18' title='bbox 934 644 999 708; x_wconf 80' lang='lat'><strong>596</strong></span> <span class='ocrx_word' id='word_1_19' title='bbox 1021 642 1179 711; x_wconf 79' lang='lat' dir='ltr'>sublatam</span> <span class='ocrx_word' id='word_1_20' title='bbox 1199 655 1232 709; x_wconf 87' lang='lat' dir='ltr'><strong>et</strong></span> <span class='ocrx_word' id='word_1_21' title='bbox 1254 644 1427 709; x_wconf 85' lang='lat' dir='ltr'><strong>conflatam</strong></span> 
     </span>
     <span class='ocr_line' id='line_1_3' title="bbox 359 754 1429 847; baseline 0 -24"><span class='ocrx_word' id='word_1_22' title='bbox 359 781 426 823; x_wconf 84' lang='lat' dir='ltr'><strong>esse</strong></span> <span class='ocrx_word' id='word_1_23' title='bbox 457 779 591 822; x_wconf 87' lang='lat' dir='ltr'><strong>aeneam</strong></span> <span class='ocrx_word' id='word_1_24' title='bbox 622 766 778 833; x_wconf 86' lang='lat' dir='ltr'><strong>statuam,</strong></span> <span class='ocrx_word' id='word_1_25' title='bbox 811 776 907 844; x_wconf 89' lang='lat' dir='ltr'><strong>quam</strong></span> <span class='ocrx_word' id='word_1_26' title='bbox 936 754 997 820; x_wconf 88' lang='lat' dir='ltr'><strong>sibi</strong></span> <span class='ocrx_word' id='word_1_27' title='bbox 1024 767 1172 847; x_wconf 86' lang='lat' dir='ltr'><strong>posuerat</strong></span> <span class='ocrx_word' id='word_1_28' title='bbox 1199 756 1324 823; x_wconf 80' lang='lat' dir='ltr'><strong>Cassius</strong></span> <span class='ocrx_word' id='word_1_29' title='bbox 1353 769 1429 823; x_wconf 88' lang='lat' dir='ltr'><strong>aute</strong></span> 
     </span>
     <span class='ocr_line' id='line_1_4' title="bbox 359 867 1430 961; baseline -0.002 -24"><span class='ocrx_word' id='word_1_30' title='bbox 359 870 472 937; x_wconf 88' lang='lat' dir='ltr'><strong>eedem</strong></span> <span class='ocrx_word' id='word_1_31' title='bbox 500 869 653 948; x_wconf 81' lang='lat' dir='ltr'><strong>Telluris3</strong></span> <span class='ocrx_word' id='word_1_32' title='bbox 677 867 764 959; x_wconf 81' lang='lat' dir='ltr'><strong>quo&#39;d</strong></span> <span class='ocrx_word' id='word_1_33' title='bbox 787 867 945 935; x_wconf 86' lang='lat' dir='ltr'><strong>intactum</strong></span> <span class='ocrx_word' id='word_1_34' title='bbox 966 867 1167 958; x_wconf 88' lang='lat' dir='ltr'><strong>reliquerunt</strong></span> <span class='ocrx_word' id='word_1_35' title='bbox 1187 869 1286 961; x_wconf 77' lang='lat' dir='ltr'><strong>igitur</strong></span> <span class='ocrx_word' id='word_1_36' title='bbox 1304 870 1348 952; x_wconf 91' lang='lat' dir='ltr'><strong>ii,</strong></span> <span class='ocrx_word' id='word_1_37' title='bbox 1373 870 1430 959; x_wconf 91' lang='lat' dir='ltr'><strong>qui</strong></span> 
     </span>
     <span class='ocr_line' id='line_1_5' title="bbox 359 981 1430 1074; baseline 0 -23"><span class='ocrx_word' id='word_1_38' title='bbox 359 984 411 1052; x_wconf 86' lang='lat' dir='ltr'><strong>rel</strong></span> <span class='ocrx_word' id='word_1_39' title='bbox 441 983 574 1049; x_wconf 89' lang='lat' dir='ltr'><strong>domum</strong></span> <span class='ocrx_word' id='word_1_40' title='bbox 605 982 672 1048; x_wconf 90' lang='lat' dir='ltr'><strong>eius</strong></span> <span class='ocrx_word' id='word_1_41' title='bbox 701 982 769 1047; x_wconf 94' lang='lat' dir='ltr'><strong>solo</strong></span> <span class='ocrx_word' id='word_1_42' title='bbox 797 994 1027 1071; x_wconf 86' lang='lat' dir='ltr'><strong>aequaverant3</strong></span> <span class='ocrx_word' id='word_1_43' title='bbox 1054 981 1116 1051; x_wconf 71' lang='lat' dir='ltr'><strong>niti</strong></span> <span class='ocrx_word' id='word_1_44' title='bbox 1135 981 1218 1049; x_wconf 89' lang='lat' dir='ltr'><strong>forte</strong></span> <span class='ocrx_word' id='word_1_45' title='bbox 1241 981 1303 1047; x_wconf 90' lang='lat' dir='ltr'><strong>hoc</strong></span> <span class='ocrx_word' id='word_1_46' title='bbox 1323 984 1430 1074; x_wconf 90' lang='lat' dir='ltr'><strong>ipsum</strong></span> 
     </span>
     <span class='ocr_line' id='line_1_6' title="bbox 359 1091 1428 1184; baseline 0 -22"><span class='ocrx_word' id='word_1_47' title='bbox 359 1097 464 1163; x_wconf 87' lang='lat' dir='ltr'><strong>afferri</strong></span> <span class='ocrx_word' id='word_1_48' title='bbox 493 1096 589 1162; x_wconf 90' lang='lat' dir='ltr'><strong>dehet</strong></span> <span class='ocrx_word' id='word_1_49' title='bbox 619 1106 730 1161; x_wconf 88' lang='lat' dir='ltr'><strong>contra</strong></span> <span class='ocrx_word' id='word_1_50' title='bbox 758 1093 896 1160; x_wconf 87' lang='lat' dir='ltr'><strong>dirutam</strong></span> <span class='ocrx_word' id='word_1_51' title='bbox 924 1091 1023 1160; x_wconf 81' lang='lat' dir='ltr'><strong>Cassii</strong></span> <span class='ocrx_word' id='word_1_52' title='bbox 1053 1092 1181 1167; x_wconf 80' lang='lat' dir='ltr'><strong>aedem,</strong></span> <span class='ocrx_word' id='word_1_53' title='bbox 1211 1117 1293 1184; x_wconf 90' lang='lat' dir='ltr'><strong>quae</strong></span> <span class='ocrx_word' id='word_1_54' title='bbox 1314 1095 1428 1162; x_wconf 87' lang='lat' dir='ltr'><strong>eodem</strong></span> 
     </span>
     <span class='ocr_line' id='line_1_7' title="bbox 359 1207 1430 1302; baseline -0.001 -27"><span class='ocrx_word' id='word_1_55' title='bbox 359 1210 417 1275; x_wconf 88' lang='lat' dir='ltr'><strong>illo</strong></span> <span class='ocrx_word' id='word_1_56' title='bbox 447 1211 521 1276; x_wconf 87' lang='lat' dir='ltr'><strong>loco</strong></span> <span class='ocrx_word' id='word_1_57' title='bbox 544 1208 696 1302; x_wconf 83' lang='lat' dir='ltr'><strong>stetisset3</strong></span> <span class='ocrx_word' id='word_1_58' title='bbox 722 1207 781 1276; x_wconf 73' lang='lat' dir='ltr'><strong>sed&#39;</strong></span> <span class='ocrx_word' id='word_1_59' title='bbox 800 1207 879 1275; x_wconf 82' lang='lat' dir='ltr'><strong>haec</strong></span> <span class='ocrx_word' id='word_1_60' title='bbox 899 1207 984 1275; x_wconf 89' lang='lat' dir='ltr'><strong>fama</strong></span> <span class='ocrx_word' id='word_1_61' title='bbox 1004 1231 1041 1273; x_wconf 83' lang='lat' dir='ltr'><strong>cx</strong></span> <span class='ocrx_word' id='word_1_62' title='bbox 1062 1207 1125 1273; x_wconf 90' lang='lat' dir='ltr'><strong>alia</strong></span> <span class='ocrx_word' id='word_1_63' title='bbox 1145 1207 1276 1274; x_wconf 88' lang='lat' dir='ltr'><strong>historia</strong></span> <span class='ocrx_word' id='word_1_64' title='bbox 1295 1209 1430 1299; x_wconf 87' lang='lat' dir='ltr'><strong>repetita</strong></span> 
     </span>
     <span class='ocr_line' id='line_1_8' title="bbox 359 1320 1430 1413; baseline -0.001 -25"><span class='ocrx_word' id='word_1_65' title='bbox 359 1323 443 1388; x_wconf 88' lang='lat' dir='ltr'><strong>male</strong></span> <span class='ocrx_word' id='word_1_66' title='bbox 472 1323 537 1387; x_wconf 92' lang='lat' dir='ltr'><strong>huc</strong></span> <span class='ocrx_word' id='word_1_67' title='bbox 561 1321 677 1413; x_wconf 88' lang='lat' dir='ltr'><strong>pedem</strong></span> <span class='ocrx_word' id='word_1_68' title='bbox 704 1320 872 1400; x_wconf 85' lang='lat' dir='ltr'><strong>intulerat,</strong></span> <span class='ocrx_word' id='word_1_69' title='bbox 895 1332 932 1385; x_wconf 88' lang='lat' dir='ltr'><strong>ut</strong></span> <span class='ocrx_word' id='word_1_70' title='bbox 951 1320 1180 1410; x_wconf 72' lang='lat' dir='ltr'>explicaretur,</span> <span class='ocrx_word' id='word_1_71' title='bbox 1205 1343 1262 1386; x_wconf 92' lang='lat' dir='ltr'><strong>cur</strong></span> <span class='ocrx_word' id='word_1_72' title='bbox 1279 1342 1352 1387; x_wconf 88' lang='lat' dir='ltr'><strong>area</strong></span> <span class='ocrx_word' id='word_1_73' title='bbox 1372 1322 1430 1387; x_wconf 86' lang='lat' dir='ltr'><strong>illo</strong></span> 
     </span>
     <span class='ocr_line' id='line_1_9' title="bbox 360 1432 1432 1526; baseline 0 -25"><span class='ocrx_word' id='word_1_74' title='bbox 360 1437 434 1502; x_wconf 87' lang='lat' dir='ltr'><strong>loco</strong></span> <span class='ocrx_word' id='word_1_75' title='bbox 465 1447 557 1502; x_wconf 88' lang='lat' dir='ltr'><strong>esset.</strong></span> <span class='ocrx_word' id='word_1_76' title='bbox 605 1435 720 1500; x_wconf 82' lang='lat' dir='ltr'><strong>Statua</strong></span> <span class='ocrx_word' id='word_1_77' title='bbox 740 1458 814 1501; x_wconf 85' lang='lat' dir='ltr'><strong>vcro</strong></span> <span class='ocrx_word' id='word_1_78' title='bbox 836 1434 959 1501; x_wconf 84' lang='lat' dir='ltr'><strong>Cereris</strong></span> <span class='ocrx_word' id='word_1_79' title='bbox 983 1458 1020 1499; x_wconf 82' lang='lat' dir='ltr'><strong>er</strong></span> <span class='ocrx_word' id='word_1_80' title='bbox 1048 1432 1153 1501; x_wconf 84' lang='lat' dir='ltr'><strong>Cassia</strong></span> <span class='ocrx_word' id='word_1_81' title='bbox 1178 1435 1299 1501; x_wconf 87' lang='lat' dir='ltr'><strong>familia</strong></span> <span class='ocrx_word' id='word_1_82' title='bbox 1327 1435 1432 1526; x_wconf 86' lang='lat' dir='ltr'><strong>posita</strong></span> 
     </span>
     <span class='ocr_line' id='line_1_10' title="bbox 361 1547 1430 1640; baseline 0.001 -26"><span class='ocrx_word' id='word_1_83' title='bbox 361 1548 524 1640; x_wconf 88' lang='lat' dir='ltr'><strong>quomodo</strong></span> <span class='ocrx_word' id='word_1_84' title='bbox 551 1547 720 1614; x_wconf 88' lang='lat' dir='ltr'><strong>cohaereat</strong></span> <span class='ocrx_word' id='word_1_85' title='bbox 743 1571 818 1615; x_wconf 89' lang='lat' dir='ltr'><strong>cum</strong></span> <span class='ocrx_word' id='word_1_86' title='bbox 837 1572 916 1639; x_wconf 78' lang='lat' dir='ltr'><strong>agro</strong></span> <span class='ocrx_word' id='word_1_87' title='bbox 936 1547 1084 1638; x_wconf 89' lang='lat' dir='ltr'><strong>publico,</strong></span> <span class='ocrx_word' id='word_1_88' title='bbox 1108 1548 1159 1614; x_wconf 73' lang='lat' dir='ltr'><strong>riu</strong></span> <span class='ocrx_word' id='word_1_89' title='bbox 1181 1549 1350 1640; x_wconf 82' lang='lat' dir='ltr'><strong>quisquam</strong></span> <span class='ocrx_word' id='word_1_90' title='bbox 1372 1548 1430 1615; x_wconf 87' lang='lat' dir='ltr'><strong>de-</strong></span> 
     </span>
     <span class='ocr_line' id='line_1_11' title="bbox 360 1660 1431 1741; baseline 0.001 -14"><span class='ocrx_word' id='word_1_91' title='bbox 360 1674 530 1741; x_wconf 82' lang='lat' dir='ltr'><strong>monstret,</strong></span> <span class='ocrx_word' id='word_1_92' title='bbox 554 1661 631 1727; x_wconf 89' lang='lat' dir='ltr'><strong>hinc</strong></span> <span class='ocrx_word' id='word_1_93' title='bbox 653 1662 807 1728; x_wconf 85' lang='lat' dir='ltr'><strong>assentior</strong></span> <span class='ocrx_word' id='word_1_94' title='bbox 826 1662 958 1727; x_wconf 91' lang='lat' dir='ltr'><strong>omnino</strong></span> <span class='ocrx_word' id='word_1_95' title='bbox 975 1660 1153 1727; x_wconf 89' lang='lat' dir='ltr'><strong>Niebuhrio</strong></span> <span class='ocrx_word' id='word_1_96' title='bbox 1176 1662 1214 1727; x_wconf 87' lang='lat' dir='ltr'><strong>ad</strong></span> <span class='ocrx_word' id='word_1_97' title='bbox 1235 1662 1315 1727; x_wconf 88' lang='lat' dir='ltr'><strong>alius</strong></span> <span class='ocrx_word' id='word_1_98' title='bbox 1332 1660 1431 1729; x_wconf 80' lang='lat' dir='ltr'><strong>Cassii</strong></span> 
     </span>
     <span class='ocr_line' id='line_1_12' title="bbox 360 1773 1431 1865; baseline 0.002 -25"><span class='ocrx_word' id='word_1_99' title='bbox 360 1777 546 1841; x_wconf 82' lang='lat' dir='ltr'><strong>memoriam</strong></span> <span class='ocrx_word' id='word_1_100' title='bbox 576 1775 801 1841; x_wconf 81' lang='lat' dir='ltr'><strong>exsecrandam</strong></span> <span class='ocrx_word' id='word_1_101' title='bbox 829 1799 898 1841; x_wconf 92' lang='lat' dir='ltr'><strong>eam</strong></span> <span class='ocrx_word' id='word_1_102' title='bbox 926 1797 993 1841; x_wconf 90' lang='lat' dir='ltr'><strong>esse</strong></span> <span class='ocrx_word' id='word_1_103' title='bbox 1022 1777 1170 1865; x_wconf 86' lang='lat' dir='ltr'><strong>positam.</strong></span> <span class='ocrx_word' id='word_1_104' title='bbox 1227 1773 1431 1842; x_wconf 83' lang='lat' dir='ltr'><strong>Contrarium</strong></span> 
     </span>
     <span class='ocr_line' id='line_1_13' title="bbox 362 1887 1432 1975; baseline -0.002 -20"><span class='ocrx_word' id='word_1_105' title='bbox 362 1888 487 1955; x_wconf 88' lang='lat' dir='ltr'><strong>obtinet</strong></span> <span class='ocrx_word' id='word_1_106' title='bbox 512 1888 553 1954; x_wconf 91' lang='lat' dir='ltr'><strong>de</strong></span> <span class='ocrx_word' id='word_1_107' title='bbox 581 1889 645 1954; x_wconf 86' lang='lat' dir='ltr'><strong>alio</strong></span> <span class='ocrx_word' id='word_1_108' title='bbox 666 1890 740 1954; x_wconf 90' lang='lat' dir='ltr'><strong>loco</strong></span> <span class='ocrx_word' id='word_1_109' title='bbox 762 1901 794 1967; x_wconf 92' lang='lat'><strong>¹,</strong></span> <span class='ocrx_word' id='word_1_110' title='bbox 817 1888 873 1952; x_wconf 91' lang='lat' dir='ltr'><strong>ubi</strong></span> <span class='ocrx_word' id='word_1_111' title='bbox 893 1887 1039 1975; x_wconf 76' lang='lat' dir='ltr'><strong>Dionysii</strong></span> <span class='ocrx_word' id='word_1_112' title='bbox 1057 1888 1232 1954; x_wconf 86' lang='lat' dir='ltr'><strong>narrationi</strong></span> <span class='ocrx_word' id='word_1_113' title='bbox 1252 1888 1348 1954; x_wconf 84' lang='lat' dir='ltr'><strong>fidem</strong></span> <span class='ocrx_word' id='word_1_114' title='bbox 1372 1887 1432 1953; x_wconf 87' lang='lat' dir='ltr'><strong>ha·</strong></span> 
     </span>
     <span class='ocr_line' id='line_1_14' title="bbox 361 1999 1432 2092; baseline 0.002 -27"><span class='ocrx_word' id='word_1_115' title='bbox 361 2002 431 2080; x_wconf 90' lang='lat' dir='ltr'><strong>het,</strong></span> <span class='ocrx_word' id='word_1_116' title='bbox 465 2002 623 2092; x_wconf 90' lang='lat' dir='ltr'><strong>populum</strong></span> <span class='ocrx_word' id='word_1_117' title='bbox 660 2001 805 2067; x_wconf 89' lang='lat' dir='ltr'><strong>damnati</strong></span> <span class='ocrx_word' id='word_1_118' title='bbox 836 1999 953 2080; x_wconf 84' lang='lat' dir='ltr'><strong>Cassii,</strong></span> <span class='ocrx_word' id='word_1_119' title='bbox 988 2001 1044 2091; x_wconf 88' lang='lat' dir='ltr'><strong>qui</strong></span> <span class='ocrx_word' id='word_1_120' title='bbox 1073 2024 1207 2091; x_wconf 81' lang='lat' dir='ltr'><strong>regnum</strong></span> <span class='ocrx_word' id='word_1_121' title='bbox 1237 2003 1432 2082; x_wconf 83' lang='lat' dir='ltr'><strong>affectasset,</strong></span> 
     </span>
     <span class='ocr_line' id='line_1_15' title="bbox 360 2113 1432 2206; baseline 0.001 -27"><span class='ocrx_word' id='word_1_122' title='bbox 360 2137 434 2179; x_wconf 86' lang='lat' dir='ltr'><strong>mox</strong></span> <span class='ocrx_word' id='word_1_123' title='bbox 463 2115 676 2205; x_wconf 89' lang='lat' dir='ltr'><strong>poenituisse,</strong></span> <span class='ocrx_word' id='word_1_124' title='bbox 710 2115 830 2206; x_wconf 91' lang='lat' dir='ltr'><strong>quippe</strong></span> <span class='ocrx_word' id='word_1_125' title='bbox 861 2114 918 2205; x_wconf 91' lang='lat' dir='ltr'><strong>qui</strong></span> <span class='ocrx_word' id='word_1_126' title='bbox 945 2113 1038 2179; x_wconf 92' lang='lat' dir='ltr'><strong>nouis</strong></span> <span class='ocrx_word' id='word_1_127' title='bbox 1064 2113 1140 2180; x_wconf 88' lang='lat' dir='ltr'><strong>deos</strong></span> <span class='ocrx_word' id='word_1_128' title='bbox 1164 2127 1363 2204; x_wconf 84' lang='lat' dir='ltr'><strong>precaretur,</strong></span> <span class='ocrx_word' id='word_1_129' title='bbox 1395 2127 1432 2180; x_wconf 91' lang='lat' dir='ltr'><strong>ut</strong></span> 
     </span>
     <span class='ocr_line' id='line_1_16' title="bbox 361 2221 1432 2318; baseline -0.002 -24"><span class='ocrx_word' id='word_1_130' title='bbox 361 2228 422 2294; x_wconf 91' lang='lat' dir='ltr'><strong>sibi</strong></span> <span class='ocrx_word' id='word_1_131' title='bbox 444 2250 552 2318; x_wconf 81' lang='lat' dir='ltr'><strong>regem</strong></span> <span class='ocrx_word' id='word_1_132' title='bbox 572 2240 810 2318; x_wconf 88' lang='lat' dir='ltr'><strong>patronumque</strong></span> <span class='ocrx_word' id='word_1_133' title='bbox 830 2226 953 2293; x_wconf 88' lang='lat' dir='ltr'><strong>darent.</strong></span> <span class='ocrx_word' id='word_1_134' title='bbox 1000 2226 1107 2292; x_wconf 88' lang='lat' dir='ltr'><strong>Primo</strong></span> <span class='ocrx_word' id='word_1_135' title='bbox 1128 2249 1194 2290; x_wconf 92' lang='lat' dir='ltr'><strong>nou</strong></span> <span class='ocrx_word' id='word_1_136' title='bbox 1216 2221 1356 2317; x_wconf 90' lang='lat' dir='ltr'><strong>populus</strong></span> <span class='ocrx_word' id='word_1_137' title='bbox 1375 2226 1432 2292; x_wconf 88' lang='lat' dir='ltr'><strong>sed</strong></span> 
     </span>
     <span class='ocr_line' id='line_1_17' title="bbox 361 2339 1437 2419; baseline -0.002 -13"><span class='ocrx_word' id='word_1_138' title='bbox 361 2342 467 2408; x_wconf 88' lang='lat' dir='ltr'><strong>curiae</strong></span> <span class='ocrx_word' id='word_1_139' title='bbox 504 2342 544 2408; x_wconf 89' lang='lat' dir='ltr'><strong>de</strong></span> <span class='ocrx_word' id='word_1_140' title='bbox 573 2340 680 2409; x_wconf 86' lang='lat' dir='ltr'><strong>Cassio</strong></span> <span class='ocrx_word' id='word_1_141' title='bbox 707 2340 908 2418; x_wconf 86' lang='lat' dir='ltr'><strong>iudicarunt,</strong></span> <span class='ocrx_word' id='word_1_142' title='bbox 942 2350 1010 2404; x_wconf 87' lang='lat' dir='ltr'><strong>tum</strong></span> <span class='ocrx_word' id='word_1_143' title='bbox 1037 2339 1224 2404; x_wconf 82' lang='lat' dir='ltr'><strong>Macrobii²</strong></span> <span class='ocrx_word' id='word_1_144' title='bbox 1254 2339 1359 2419; x_wconf 86' lang='lat' dir='ltr'><strong>locus,</strong></span> <span class='ocrx_word' id='word_1_145' title='bbox 1391 2339 1437 2404; x_wconf 78' lang='lat' dir='ltr'><strong>ad&#39;</strong></span> 
     </span>
     <span class='ocr_line' id='line_1_18' title="bbox 362 2451 1434 2546; baseline -0.004 -25"><span class='ocrx_word' id='word_1_146' title='bbox 362 2478 460 2546; x_wconf 91' lang='lat' dir='ltr'><strong>quem</strong></span> <span class='ocrx_word' id='word_1_147' title='bbox 487 2465 655 2546; x_wconf 75' lang='lat' dir='ltr'><strong>provocat,</strong></span> <span class='ocrx_word' id='word_1_148' title='bbox 686 2453 779 2518; x_wconf 88' lang='lat' dir='ltr'><strong>aliter</strong></span> <span class='ocrx_word' id='word_1_149' title='bbox 810 2476 843 2517; x_wconf 90' lang='lat' dir='ltr'><strong>se</strong></span> <span class='ocrx_word' id='word_1_150' title='bbox 871 2451 983 2531; x_wconf 89' lang='lat' dir='ltr'><strong>habet,</strong></span> <span class='ocrx_word' id='word_1_151' title='bbox 1007 2451 1103 2517; x_wconf 89' lang='lat' dir='ltr'><strong>tradit</strong></span> <span class='ocrx_word' id='word_1_152' title='bbox 1128 2463 1251 2517; x_wconf 87' lang='lat' dir='ltr'><strong>tantum</strong></span> <span class='ocrx_word' id='word_1_153' title='bbox 1273 2476 1290 2517; x_wconf 97' lang='lat' dir='ltr'><strong>a</strong></span> <span class='ocrx_word' id='word_1_154' title='bbox 1309 2453 1434 2542; x_wconf 90' lang='lat' dir='ltr'><strong>populo</strong></span> 
     </span>
     <span class='ocr_line' id='line_1_19' title="bbox 362 2564 1433 2654; baseline -0.004 -20"><span class='ocrx_word' id='word_1_155' title='bbox 362 2569 448 2635; x_wconf 88' lang='lat' dir='ltr'><strong>diem</strong></span> <span class='ocrx_word' id='word_1_156' title='bbox 477 2589 633 2631; x_wconf 89' lang='lat' dir='ltr'><strong>nonarum</strong></span> <span class='ocrx_word' id='word_1_157' title='bbox 661 2566 796 2631; x_wconf 85' lang='lat' dir='ltr'><strong>maxime</strong></span> <span class='ocrx_word' id='word_1_158' title='bbox 826 2587 892 2630; x_wconf 89' lang='lat' dir='ltr'><strong>esse</strong></span> <span class='ocrx_word' id='word_1_159' title='bbox 923 2564 1140 2643; x_wconf 89' lang='lat' dir='ltr'><strong>celebratum,</strong></span> <span class='ocrx_word' id='word_1_160' title='bbox 1168 2587 1265 2654; x_wconf 89' lang='lat' dir='ltr'><strong>quem</strong></span> <span class='ocrx_word' id='word_1_161' title='bbox 1291 2566 1433 2630; x_wconf 88' lang='lat' dir='ltr'><strong>natalem</strong></span> 
     </span>
     <span class='ocr_line' id='line_1_20' title="bbox 362 2677 1434 2770; baseline -0.005 -23"><span class='ocrx_word' id='word_1_162' title='bbox 362 2682 443 2770; x_wconf 76' lang='lat' dir='ltr'><strong>regis</strong></span> <span class='ocrx_word' id='word_1_163' title='bbox 469 2677 572 2744; x_wconf 81' lang='lat' dir='ltr'><strong>Servii</strong></span> <span class='ocrx_word' id='word_1_164' title='bbox 599 2677 839 2755; x_wconf 78' lang='lat' dir='ltr'><strong>existimabant,</strong></span> <span class='ocrx_word' id='word_1_165' title='bbox 864 2698 923 2742; x_wconf 91' lang='lat' dir='ltr'><strong>neo</strong></span> <span class='ocrx_word' id='word_1_166' title='bbox 943 2677 1075 2756; x_wconf 91' lang='lat' dir='ltr'><strong>mirum,</strong></span> <span class='ocrx_word' id='word_1_167' title='bbox 1100 2700 1172 2743; x_wconf 90' lang='lat' dir='ltr'><strong>uam</strong></span> <span class='ocrx_word' id='word_1_168' title='bbox 1194 2677 1356 2768; x_wconf 87' lang='lat' dir='ltr'><strong>popularis</strong></span> <span class='ocrx_word' id='word_1_169' title='bbox 1375 2677 1434 2742; x_wconf 86' lang='lat' dir='ltr'><strong>ad·</strong></span> 
     </span>
     <span class='ocr_line' id='line_1_21' title="bbox 362 2789 1434 2868; baseline 0 -11"><span class='ocrx_word' id='word_1_170' title='bbox 362 2792 493 2858; x_wconf 86' lang='lat' dir='ltr'><strong>modum</strong></span> <span class='ocrx_word' id='word_1_171' title='bbox 513 2789 677 2855; x_wconf 84' lang='lat' dir='ltr'><strong>illefuisse</strong></span> <span class='ocrx_word' id='word_1_172' title='bbox 691 2789 891 2868; x_wconf 83' lang='lat' dir='ltr'><strong>credebatur,</strong></span> <span class='ocrx_word' id='word_1_173' title='bbox 907 2791 997 2855; x_wconf 88' lang='lat' dir='ltr'><strong>cuius</strong></span> <span class='ocrx_word' id='word_1_174' title='bbox 1014 2792 1199 2857; x_wconf 87' lang='lat' dir='ltr'><strong>memoriam</strong></span> <span class='ocrx_word' id='word_1_175' title='bbox 1217 2794 1261 2855; x_wconf 91' lang='lat' dir='ltr'><strong>sio</strong></span> <span class='ocrx_word' id='word_1_176' title='bbox 1270 2791 1434 2858; x_wconf 86' lang='lat' dir='ltr'><strong>colebant.</strong></span> 
     </span>
     <span class='ocr_line' id='line_1_22' title="bbox 365 2901 1436 2970; baseline 0 0"><span class='ocrx_word' id='word_1_177' title='bbox 365 2903 491 2970; x_wconf 87' lang='lat' dir='ltr'><strong>Deinde</strong></span> <span class='ocrx_word' id='word_1_178' title='bbox 530 2901 626 2968; x_wconf 90' lang='lat' dir='ltr'><strong>credo</strong></span> <span class='ocrx_word' id='word_1_179' title='bbox 662 2902 849 2968; x_wconf 87' lang='lat' dir='ltr'><strong>damnatum</strong></span> <span class='ocrx_word' id='word_1_180' title='bbox 878 2926 945 2969; x_wconf 89' lang='lat' dir='ltr'><strong>esse</strong></span> <span class='ocrx_word' id='word_1_181' title='bbox 977 2902 1119 2969; x_wconf 84' lang='lat' dir='ltr'><strong>Cassium</strong></span> <span class='ocrx_word' id='word_1_182' title='bbox 1148 2905 1277 2970; x_wconf 87' lang='lat' dir='ltr'><strong>nomine</strong></span> <span class='ocrx_word' id='word_1_183' title='bbox 1308 2915 1436 2970; x_wconf 82' lang='lat' dir='ltr'><strong>tautum</strong></span> 
     </span>
     <span class='ocr_line' id='line_1_23' title="bbox 363 3015 1436 3108; baseline 0.001 -25"><span class='ocrx_word' id='word_1_184' title='bbox 363 3016 454 3107; x_wconf 80' lang='lat' dir='ltr'><strong>regni</strong></span> <span class='ocrx_word' id='word_1_185' title='bbox 484 3015 642 3094; x_wconf 82' lang='lat' dir='ltr'><strong>affectati,</strong></span> <span class='ocrx_word' id='word_1_186' title='bbox 675 3038 783 3081; x_wconf 89' lang='lat' dir='ltr'><strong>revera</strong></span> <span class='ocrx_word' id='word_1_187' title='bbox 816 3017 905 3106; x_wconf 90' lang='lat' dir='ltr'><strong>quod</strong></span> <span class='ocrx_word' id='word_1_188' title='bbox 930 3017 1086 3107; x_wconf 90' lang='lat' dir='ltr'><strong>patriciis,</strong></span> <span class='ocrx_word' id='word_1_189' title='bbox 1110 3017 1167 3107; x_wconf 91' lang='lat' dir='ltr'><strong>qui</strong></span> <span class='ocrx_word' id='word_1_190' title='bbox 1187 3018 1301 3083; x_wconf 88' lang='lat' dir='ltr'><strong>iniuria</strong></span> <span class='ocrx_word' id='word_1_191' title='bbox 1322 3040 1436 3108; x_wconf 77' lang='lat' dir='ltr'><strong>agrum</strong></span> 
     </span>
     <span class='ocr_line' id='line_1_24' title="bbox 363 3127 1436 3219; baseline 0.004 -27"><span class='ocrx_word' id='word_1_192' title='bbox 363 3128 530 3219; x_wconf 89' lang='lat' dir='ltr'><strong>publicum</strong></span> <span class='ocrx_word' id='word_1_193' title='bbox 555 3127 769 3219; x_wconf 88' lang='lat' dir='ltr'><strong>possiderent,</strong></span> <span class='ocrx_word' id='word_1_194' title='bbox 794 3128 919 3195; x_wconf 82' lang='lat' dir='ltr'><strong>obviam</strong></span> <span class='ocrx_word' id='word_1_195' title='bbox 938 3129 1014 3208; x_wconf 87' lang='lat' dir='ltr'><strong>iret,</strong></span> <span class='ocrx_word' id='word_1_196' title='bbox 1038 3131 1082 3196; x_wconf 90' lang='lat' dir='ltr'><strong>ita</strong></span> <span class='ocrx_word' id='word_1_197' title='bbox 1103 3143 1139 3196; x_wconf 91' lang='lat' dir='ltr'><strong>ut</strong></span> <span class='ocrx_word' id='word_1_198' title='bbox 1160 3144 1247 3196; x_wconf 90' lang='lat' dir='ltr'><strong>recte</strong></span> <span class='ocrx_word' id='word_1_199' title='bbox 1268 3131 1329 3196; x_wconf 88' lang='lat' dir='ltr'><strong>Dio</strong></span> <span class='ocrx_word' id='word_1_200' title='bbox 1355 3130 1436 3196; x_wconf 85' lang='lat' dir='ltr'><strong>Cas-</strong></span> 
     </span>
     <span class='ocr_line' id='line_1_25' title="bbox 363 3240 1436 3334; baseline 0.004 -28"><span class='ocrx_word' id='word_1_201' title='bbox 363 3242 452 3307; x_wconf 80' lang='lat' dir='ltr'><strong>sius³</strong></span> <span class='ocrx_word' id='word_1_202' title='bbox 480 3240 641 3331; x_wconf 88' lang='lat' dir='ltr'><strong>scripserit</strong></span> <span class='ocrx_word' id='word_1_203' title='bbox 663 3242 881 3306; x_wconf 66' lang='lat' dir='ltr'><strong>dannamaria</strong></span> <span class='ocrx_word' id='word_1_204' title='bbox 902 3243 1066 3318; x_wconf 65' lang='grc' dir='ltr'><em>ἀδικήσας.</em></span> <span class='ocrx_word' id='word_1_205' title='bbox 1116 3244 1213 3309; x_wconf 88' lang='lat' dir='ltr'><strong>Periit</strong></span> <span class='ocrx_word' id='word_1_206' title='bbox 1232 3266 1348 3334; x_wconf 89' lang='lat' dir='ltr'><strong>nempe</strong></span> <span class='ocrx_word' id='word_1_207' title='bbox 1368 3244 1436 3310; x_wconf 85' lang='lat' dir='ltr'><strong>sire</strong></span> 
     </span>
     <span class='ocr_line' id='line_1_26' title="bbox 287 3352 1436 3444; baseline 0.003 -26"><span class='ocrx_word' id='word_1_208' title='bbox 287 3372 291 3379; x_wconf 88' lang='grc'><em>·</em></span> <span class='ocrx_word' id='word_1_209' title='bbox 365 3365 492 3444; x_wconf 84' lang='lat' dir='ltr'><strong>epatre</strong></span> <span class='ocrx_word' id='word_1_210' title='bbox 509 3365 656 3418; x_wconf 86' lang='lat' dir='ltr'><strong>necatum</strong></span> <span class='ocrx_word' id='word_1_211' title='bbox 679 3374 753 3417; x_wconf 91' lang='lat' dir='ltr'><strong>cum</strong></span> <span class='ocrx_word' id='word_1_212' title='bbox 774 3352 902 3432; x_wconf 89' lang='lat' dir='ltr'><strong>credas,</strong></span> <span class='ocrx_word' id='word_1_213' title='bbox 932 3352 996 3418; x_wconf 87' lang='lat' dir='ltr'><strong>sire</strong></span> <span class='ocrx_word' id='word_1_214' title='bbox 1018 3377 1035 3418; x_wconf 92' lang='lat' dir='ltr'><strong>a</strong></span> <span class='ocrx_word' id='word_1_215' title='bbox 1054 3354 1278 3443; x_wconf 88' lang='lat' dir='ltr'><strong>quaestoribus</strong></span> <span class='ocrx_word' id='word_1_216' title='bbox 1303 3355 1343 3421; x_wconf 89' lang='lat' dir='ltr'><strong>de</strong></span> <span class='ocrx_word' id='word_1_217' title='bbox 1360 3380 1436 3422; x_wconf 85' lang='lat' dir='ltr'><strong>saxo</strong></span> 
     </span>
     <span class='ocr_line' id='line_1_27' title="bbox 367 3465 1437 3560; baseline 0.003 -28"><span class='ocrx_word' id='word_1_218' title='bbox 367 3466 500 3557; x_wconf 88' lang='lat' dir='ltr'><strong>Tarpeio</strong></span> <span class='ocrx_word' id='word_1_219' title='bbox 520 3465 782 3556; x_wconf 65' lang='lat' dir='ltr'><strong>praecipitatum</strong></span> <span class='ocrx_word' id='word_1_220' title='bbox 807 3476 838 3531; x_wconf 88' lang='lat' dir='ltr'><strong>at</strong></span> <span class='ocrx_word' id='word_1_221' title='bbox 859 3466 1037 3531; x_wconf 77' lang='lat' dir='ltr'><strong>observarit</strong></span> <span class='ocrx_word' id='word_1_222' title='bbox 1055 3465 1204 3533; x_wconf 89' lang='lat' dir='ltr'><strong>Niebuhr</strong></span> <span class='ocrx_word' id='word_1_223' title='bbox 1221 3480 1255 3549; x_wconf 69' lang='lat'><strong>⁴,</strong></span> <span class='ocrx_word' id='word_1_224' title='bbox 1274 3468 1336 3534; x_wconf 93' lang='lat' dir='ltr'><strong>hoc</strong></span> <span class='ocrx_word' id='word_1_225' title='bbox 1355 3492 1437 3560; x_wconf 90' lang='lat' dir='ltr'><strong>sup-</strong></span> 
     </span>
     <span class='ocr_line' id='line_1_28' title="bbox 363 3577 1437 3673; baseline 0.004 -28"><span class='ocrx_word' id='word_1_226' title='bbox 363 3580 499 3673; x_wconf 87' lang='lat' dir='ltr'><strong>plicium</strong></span> <span class='ocrx_word' id='word_1_227' title='bbox 524 3579 645 3645; x_wconf 86' lang='lat' dir='ltr'><strong>tribuni</strong></span> <span class='ocrx_word' id='word_1_228' title='bbox 664 3577 704 3643; x_wconf 90' lang='lat' dir='ltr'><strong>de</strong></span> <span class='ocrx_word' id='word_1_229' title='bbox 726 3578 861 3668; x_wconf 89' lang='lat' dir='ltr'><strong>plebeiis</strong></span> <span class='ocrx_word' id='word_1_230' title='bbox 881 3591 1007 3644; x_wconf 88' lang='lat' dir='ltr'><strong>tautum</strong></span> <span class='ocrx_word' id='word_1_231' title='bbox 1028 3581 1211 3662; x_wconf 88' lang='lat' dir='ltr'><strong>sumebaut;</strong></span> <span class='ocrx_word' id='word_1_232' title='bbox 1240 3583 1293 3648; x_wconf 85' lang='lat' dir='ltr'><strong>rel</strong></span> <span class='ocrx_word' id='word_1_233' title='bbox 1312 3583 1344 3648; x_wconf 90' lang='lat' dir='ltr'><strong>iu</strong></span> <span class='ocrx_word' id='word_1_234' title='bbox 1365 3585 1437 3650; x_wconf 88' lang='lat' dir='ltr'><strong>eius</strong></span> 
     </span>
     <span class='ocr_line' id='line_1_29' title="bbox 364 3690 1438 3785; baseline 0.003 -26"><span class='ocrx_word' id='word_1_235' title='bbox 364 3717 444 3759; x_wconf 90' lang='lat' dir='ltr'><strong>nece</strong></span> <span class='ocrx_word' id='word_1_236' title='bbox 463 3690 672 3758; x_wconf 87' lang='lat' dir='ltr'><strong>describenda</strong></span> <span class='ocrx_word' id='word_1_237' title='bbox 690 3694 893 3782; x_wconf 80' lang='lat' dir='ltr'><strong>impegerunt</strong></span> <span class='ocrx_word' id='word_1_238' title='bbox 911 3693 1008 3782; x_wconf 78' lang='lat' dir='ltr'><strong>igitur</strong></span> <span class='ocrx_word' id='word_1_239' title='bbox 1021 3692 1179 3773; x_wconf 88' lang='lat' dir='ltr'><strong>historici,</strong></span> <span class='ocrx_word' id='word_1_240' title='bbox 1203 3697 1259 3785; x_wconf 92' lang='lat' dir='ltr'><strong>qui</strong></span> <span class='ocrx_word' id='word_1_241' title='bbox 1278 3697 1438 3763; x_wconf 87' lang='lat' dir='ltr'><strong>nonsatis</strong></span> 
     </span>
     <span class='ocr_line' id='line_1_30' title="bbox 364 3803 1439 3895; baseline 0.001 -21"><span class='ocrx_word' id='word_1_242' title='bbox 364 3819 457 3874; x_wconf 88' lang='lat' dir='ltr'><strong>caute</strong></span> <span class='ocrx_word' id='word_1_243' title='bbox 478 3804 624 3871; x_wconf 88' lang='lat' dir='ltr'><strong>adhiberi</strong></span> <span class='ocrx_word' id='word_1_244' title='bbox 643 3817 790 3895; x_wconf 90' lang='lat' dir='ltr'><strong>possunt,</strong></span> <span class='ocrx_word' id='word_1_245' title='bbox 814 3804 868 3870; x_wconf 89' lang='lat' dir='ltr'><strong>sed</strong></span> <span class='ocrx_word' id='word_1_246' title='bbox 888 3803 950 3869; x_wconf 90' lang='lat' dir='ltr'><strong>hoc</strong></span> <span class='ocrx_word' id='word_1_247' title='bbox 972 3828 1189 3886; x_wconf 86' lang='lat' dir='ltr'><strong>necaremus,</strong></span> <span class='ocrx_word' id='word_1_248' title='bbox 1222 3832 1296 3875; x_wconf 89' lang='lat' dir='ltr'><strong>nam</strong></span> <span class='ocrx_word' id='word_1_249' title='bbox 1326 3830 1439 3875; x_wconf 80' lang='lat' dir='ltr'><strong>»con-</strong></span> 
     </span>
     <span class='ocr_line' id='line_1_31' title="bbox 364 3917 1438 4003; baseline -0.001 -15"><span class='ocrx_word' id='word_1_250' title='bbox 364 3934 425 3988; x_wconf 89' lang='lat' dir='ltr'><strong>stat</strong></span> <span class='ocrx_word' id='word_1_251' title='bbox 455 3943 528 3987; x_wconf 87' lang='lat' dir='ltr'><strong>eum</strong></span> <span class='ocrx_word' id='word_1_252' title='bbox 555 3920 739 3986; x_wconf 90' lang='lat' dir='ltr'><strong>damnatum</strong></span> <span class='ocrx_word' id='word_1_253' title='bbox 763 3918 831 3985; x_wconf 89' lang='lat' dir='ltr'><strong>Ser.</strong></span> <span class='ocrx_word' id='word_1_254' title='bbox 860 3917 1010 3985; x_wconf 81' lang='lat' dir='ltr'><strong>Cornelio</strong></span> <span class='ocrx_word' id='word_1_255' title='bbox 1036 3918 1071 4003; x_wconf 78' lang='lat' dir='ltr'><strong>Q.</strong></span> <span class='ocrx_word' id='word_1_256' title='bbox 1096 3920 1196 3986; x_wconf 84' lang='lat' dir='ltr'><strong>Fabio</strong></span> <span class='ocrx_word' id='word_1_257' title='bbox 1217 3923 1438 3988; x_wconf 86' lang='lat' dir='ltr'><strong>consulibus.&#39;&#39;</strong></span> 
     </span>
    </p>

    <p class='ocr_par' dir='ltr' id='par_1_3' title="bbox 364 4031 1440 4235">
     <span class='ocr_line' id='line_1_32' title="bbox 410 4031 1440 4102; baseline 0.003 -3"><span class='ocrx_word' id='word_1_258' title='bbox 410 4034 568 4099; x_wconf 86' lang='lat' dir='ltr'><strong>Damnato</strong></span> <span class='ocrx_word' id='word_1_259' title='bbox 599 4031 706 4099; x_wconf 80' lang='lat' dir='ltr'><strong>Cassio</strong></span> <span class='ocrx_word' id='word_1_260' title='bbox 738 4032 884 4097; x_wconf 89' lang='lat' dir='ltr'><strong>consules</strong></span> <span class='ocrx_word' id='word_1_261' title='bbox 920 4031 1107 4098; x_wconf 88' lang='lat' dir='ltr'><strong>seditiosum</strong></span> <span class='ocrx_word' id='word_1_262' title='bbox 1135 4058 1255 4101; x_wconf 90' lang='lat' dir='ltr'><strong>annum</strong></span> <span class='ocrx_word' id='word_1_263' title='bbox 1285 4034 1440 4102; x_wconf 89' lang='lat' dir='ltr'><strong>habuisse</strong></span> 
     </span>
     <span class='ocr_line' id='line_1_33' title="bbox 364 4145 1440 4235; baseline 0.004 -24"><span class='ocrx_word' id='word_1_264' title='bbox 364 4145 494 4212; x_wconf 89' lang='lat' dir='ltr'><strong>tradunt</strong></span> <span class='ocrx_word' id='word_1_265' title='bbox 512 4145 654 4211; x_wconf 88' lang='lat' dir='ltr'><strong>historici</strong></span> <span class='ocrx_word' id='word_1_266' title='bbox 676 4158 705 4224; x_wconf 79' lang='lat'><strong>⁵,</strong></span> <span class='ocrx_word' id='word_1_267' title='bbox 729 4168 788 4211; x_wconf 88' lang='lat' dir='ltr'><strong>nec</strong></span> <span class='ocrx_word' id='word_1_268' title='bbox 807 4145 940 4226; x_wconf 91' lang='lat' dir='ltr'><strong>mirum;</strong></span> <span class='ocrx_word' id='word_1_269' title='bbox 964 4147 1081 4235; x_wconf 91' lang='lat' dir='ltr'><strong>quibus</strong></span> <span class='ocrx_word' id='word_1_270' title='bbox 1104 4148 1204 4214; x_wconf 87' lang='lat' dir='ltr'><strong>turbis</strong></span> <span class='ocrx_word' id='word_1_271' title='bbox 1224 4163 1259 4215; x_wconf 89' lang='lat' dir='ltr'><strong>ut</strong></span> <span class='ocrx_word' id='word_1_272' title='bbox 1279 4149 1351 4215; x_wconf 90' lang='lat' dir='ltr'><strong>finis</strong></span> <span class='ocrx_word' id='word_1_273' title='bbox 1369 4148 1440 4215; x_wconf 77' lang='lat' dir='ltr'><strong>im-</strong></span> 
     </span>
    </p>
   </div>
   <div class='ocr_carea' id='block_1_3' title="bbox 357 4418 1447 4575">
    <p class='ocr_par' dir='ltr' id='par_1_4' title="bbox 357 4418 1447 4575">
     <span class='ocr_line' id='line_1_34' title="bbox 393 4418 1447 4492; baseline -0.02 6"><span class='ocrx_word' id='word_1_274' title='bbox 393 4420 413 4487; x_wconf 81' lang='lat'><strong>¹)</strong></span> <span class='ocrx_word' id='word_1_275' title='bbox 431 4418 465 4471; x_wconf 73' lang='lat' dir='ltr'><strong>R·</strong></span> <span class='ocrx_word' id='word_1_276' title='bbox 478 4418 557 4473; x_wconf 77' lang='lat' dir='ltr'><strong>err.</strong></span> <span class='ocrx_word' id='word_1_277' title='bbox 570 4427 629 4472; x_wconf 77' lang='lat'><strong>1⁹4·</strong></span> <span class='ocrx_word' id='word_1_278' title='bbox 668 4418 689 4489; x_wconf 79' lang='lat'><strong>²)</strong></span> <span class='ocrx_word' id='word_1_279' title='bbox 708 4418 762 4471; x_wconf 68' lang='lat' dir='ltr'><strong>Sat·</strong></span> <span class='ocrx_word' id='word_1_280' title='bbox 772 4423 794 4472; x_wconf 91' lang='lat'><strong>1·</strong></span> <span class='ocrx_word' id='word_1_281' title='bbox 807 4427 847 4472; x_wconf 82' lang='lat'><strong>1³·</strong></span> <span class='ocrx_word' id='word_1_282' title='bbox 883 4418 904 4490; x_wconf 76' lang='lat'><strong>⁵)</strong></span> <span class='ocrx_word' id='word_1_283' title='bbox 920 4422 1023 4488; x_wconf 71' lang='lat' dir='ltr'><strong>Fraem·</strong></span> <span class='ocrx_word' id='word_1_284' title='bbox 1037 4430 1076 4475; x_wconf 82' lang='lat'><strong>19.</strong></span> <span class='ocrx_word' id='word_1_285' title='bbox 1112 4423 1132 4492; x_wconf 65' lang='grc'><strong>4)</strong></span> <span class='ocrx_word' id='word_1_286' title='bbox 1150 4422 1184 4474; x_wconf 78' lang='lat' dir='ltr'><strong>a.</strong></span> <span class='ocrx_word' id='word_1_287' title='bbox 1197 4421 1228 4476; x_wconf 81' lang='lat' dir='ltr'><strong>o.</strong></span> <span class='ocrx_word' id='word_1_288' title='bbox 1237 4426 1274 4475; x_wconf 88' lang='lat'><strong>11.</strong></span> <span class='ocrx_word' id='word_1_289' title='bbox 1287 4429 1334 4475; x_wconf 82' lang='lat'><strong>195</strong></span> <span class='ocrx_word' id='word_1_290' title='bbox 1345 4427 1447 4477; x_wconf 65' lang='lat' dir='ltr'><strong>nara.</strong></span> 
     </span>
     <span class='ocr_line' id='line_1_35' title="bbox 357 4505 974 4575; baseline 0.002 -17"><span class='ocrx_word' id='word_1_291' title='bbox 357 4505 378 4575; x_wconf 78' lang='lat'><strong>⁵)</strong></span> <span class='ocrx_word' id='word_1_292' title='bbox 396 4508 454 4558; x_wconf 82' lang='lat' dir='ltr'><strong>Liv.</strong></span> <span class='ocrx_word' id='word_1_293' title='bbox 472 4508 509 4558; x_wconf 92' lang='lat' dir='ltr'><strong>II.</strong></span> <span class='ocrx_word' id='word_1_294' title='bbox 529 4512 576 4568; x_wconf 81' lang='lat'><strong>42;</strong></span> <span class='ocrx_word' id='word_1_295' title='bbox 594 4508 671 4559; x_wconf 88' lang='lat' dir='ltr'><strong>Dion.</strong></span> <span class='ocrx_word' id='word_1_296' title='bbox 689 4508 752 4558; x_wconf 86' lang='lat' dir='ltr'><strong>Hal.</strong></span> <span class='ocrx_word' id='word_1_297' title='bbox 770 4509 846 4560; x_wconf 85' lang='lat' dir='ltr'>VIII.</span> <span class='ocrx_word' id='word_1_298' title='bbox 867 4513 914 4570; x_wconf 83' lang='lat' dir='ltr'><strong>sl,</strong></span> <span class='ocrx_word' id='word_1_299' title='bbox 933 4513 974 4559; x_wconf 80' lang='lat'><strong>82.</strong></span> 
     </span>
    </p>
   </div>
   <div class='ocr_carea' id='block_1_4' title="bbox 0 0 1613 5302">
    <p class='ocr_par' dir='ltr' id='par_1_5' title="bbox 0 0 1613 5302">
     <span class='ocr_line' id='line_1_36' title="bbox 0 0 1613 5302; baseline 0 0"><span class='ocrx_word' id='word_1_300' title='bbox 0 0 1613 5302; x_wconf 95' lang='lat' dir='ltr'><strong> </strong></span> 
     </span>
    </p>
   </div>
  </div>
 </body>
</html>
