3154 5294
304 490 335 532 rr.
349 486 486 531 rabioso.
499 489 525 532 r.
537 490 565 540 o.
577 470 793 552 moonsolltl).
814 471 876 552 §L
894 470 1084 532 conscribti.
1172 470 1237 532 ttu

155 688 212 731 cur
238 664 434 732 indiceretur
461 663 633 744 iustitium,
659 664 884 732 clauderentur
904 666 1069 743 tabernae,
1093 665 1223 731 silerent

156 779 256 868 leges,
288 779 352 845 ausi
384 802 506 845 summa
537 790 619 844 osset
648 778 819 869 trepidatio
854 791 886 845 et
916 778 1022 846 hostes
1052 779 1222 869 adportas

155 901 284 955 starent.
340 889 545 957 Indulserunt
574 889 635 955 sibi
663 891 784 980 posteri
814 891 846 956 in
874 891 1036 957 laudando
1066 889 1222 968 (lami1103

154 1002 236 1069 bene
256 1002 296 1069 dc
324 1004 424 1093 patrio
446 1004 580 1069 meritus
601 1015 648 1068 est
667 1003 741 1082 ille,
776 1026 842 1069 noo
871 1004 1044 1095 obloquor,
1079 1004 1134 1069 sed
1163 1002 1221 1068 do·

153 1115 307 1183 mendum
336 1116 397 1181 erit
418 1115 557 1205 aliquid3
587 1115 633 1181 sic
660 1114 813 1203 Polybius
834 1131 844 1168 ¹
867 1118 917 1182 illi
938 1117 1130 1183 abiudicavit
1149 1115 1221 1180 lan-

151 1228 226 1294 dem
245 1228 326 1295 belli
342 1228 460 1295 Gallici
478 1250 562 1295 auno
584 1234 664 1307 405,
687 1251 763 1295 nam
782 1242 860 1311 tunc
880 1230 1018 1296 Romani
1035 1252 1109 1295 oum
1126 1228 1217 1294 sociis

150 1354 262 1409 eontra
284 1339 394 1408 Gallos
416 1341 594 1408 edurarunt
613 1342 722 1432 copias
740 1332 874 1433 quidem
891 1343 946 1409 sed
961 1366 1026 1409 uon
1044 1353 1219 1433 potuerunt

151 1477 204 1520 eus
224 1453 309 1520 elam
329 1453 473 1544 aggredi,
498 1455 588 1544 atqui
607 1468 705 1521 noctu
726 1450 910 1521 sedebam
930 1467 1119 1546 receperunt
1138 1467 1220 1519 tarn·

150 1590 248 1657 quum
277 1567 445 1657 fugientes.
493 1566 599 1635 Simili
619 1568 715 1635 ruodo
734 1582 826 1634 aucta
844 1569 931 1634 fama
949 1569 1074 1634 videtur
1089 1591 1128 1634 er
1144 1568 1220 1633 nani

151 1686 216 1748 416
237 1681 277 1748 dc
299 1681 420 1748 Latinis
442 1684 572 1748 victoria
583 1706 616 1748 re
629 1706 701 1749 seru
719 1692 894 1774 reportata,
920 1695 954 1749 ut
974 1683 1036 1749 hoc
1050 1706 1138 1748 anuo
1153 1681 1221 1769 tlic-

152 1807 287 1861 tatorem
306 1796 429 1862 dictum
451 1819 518 1863 csse
542 1795 684 1875 tradant,
705 1798 825 1889 quippe
847 1819 910 1888 quo
931 1820 1014 1861 anuo
1036 1820 1072 1861 er
1094 1794 1219 1859 annali-

150 1907 209 1973 bus
240 1911 406 1975 constabat
436 1932 510 1975 curn
543 1910 698 1976 Auruncis
726 1908 848 1975 bellum
876 1932 942 1974 esse
965 1921 1106 1999 gestum,
1130 1908 1219 1974 cuius
1295 1900 1300 1909 ’

149 2018 218 2084 laus
256 2019 296 2083 ad
335 2018 507 2086 Camillum
538 2043 608 2086 mor
638 2019 836 2099 trahebatur,
879 2021 943 2086 acsi
970 2020 1218 2085 extraordinario

149 2133 336 2221 magistratu
366 2154 445 2223 opus
472 2144 562 2198 esset.
610 2131 728 2197 incidit
760 2132 892 2222 quidem
921 2134 955 2197 in
985 2131 1073 2197 hunc
1099 2155 1219 2198 annum

151 2245 325 2324 dictatura,
355 2246 410 2311 sed
438 2245 519 2311 alius
542 2246 683 2335 generis,
713 2244 968 2336 coniungendam
989 2268 1058 2310 eam
1078 2246 1221 2335 suspicor

149 2380 224 2423 oum
245 2359 324 2425 aede
344 2358 477 2424 lunonis
497 2358 645 2424 Monetae
667 2357 729 2423 hoc
749 2381 832 2423 anno
853 2356 1008 2423 dedicata.
1044 2357 1146 2422 Aedes
1164 2356 1221 2421 illa

151 2482 222 2536 rota
243 2484 256 2520 2
285 2485 353 2537 erat
373 2495 390 2536 a
412 2450 564 2550 Gamillo,
584 2472 674 2561 atqui
693 2470 777 2536 idern
801 2494 871 2536 eam
890 2469 1067 2548 dedicarit,
1092 2470 1220 2560 opinor,

149 2564 241 2650 coins
271 2583 317 2648 rei
344 2593 468 2648 exstant
499 2581 656 2671 exempla.
714 2581 794 2646 Tum
820 2581 951 2647 demum
976 2581 1120 2647 insecuta
1146 2594 1221 2646 sunt

151 2696 312 2789 prodigia,
335 2695 410 2761 libri
429 2695 580 2785 inspecti,
600 2694 696 2760 leriae
715 2693 855 2760 indictae
873 2706 905 2760 et
922 2694 1058 2761 dictator
1074 2694 1219 2761 Valerius

150 2811 256 2876 dictus
278 2821 326 2874 est
346 2831 419 2873 cum
443 2807 590 2897 magistro
609 2807 708 2873 Fabio
732 2807 887 2873 Ambusto
910 2820 934 2873 ³.

195 2922 280 2989 Belli
315 2922 457 2987 Aurunci
484 2921 618 3011 gloriam
649 2919 688 2985 ad
716 2922 865 2986 consules
894 2921 991 3012 igitur
1020 2920 1220 2989 referendam

150 3037 253 3115 duco,
285 3036 312 3100 si
342 3036 462 3126 gloriae
490 3035 578 3099 locus
606 3046 652 3099 est
681 3035 714 3099 in
743 3034 829 3100 bellu
857 3033 1005 3099 adversus
1025 3035 1221 3124 praedones;

150 3151 257 3216 statim
279 3148 366 3214 enirn
385 3149 480 3214 rebus
498 3148 682 3238 compositis
703 3147 742 3212 ad
765 3147 914 3213 Volscum
934 3147 1056 3213 bellum
1077 3148 1220 3213 consoles

151 3261 334 3328 adhibuisse
355 3261 504 3326 feruntur
521 3262 709 3339 exercitum,
734 3285 799 3352 quo
820 3260 932 3327 Soram
953 3274 1116 3352 ceperunt.

435 3444 453 3527 §
480 3446 510 3509 2.
558 3442 720 3508 Interrex
745 3447 891 3524 413J414
918 3456 941 3506 ⁴.

196 3601 269 3669 Iure
299 3613 404 3690 potest
433 3600 573 3666 dubitari
598 3625 637 3666 an
665 3601 707 3667 M.
726 3600 844 3666 Fabius
872 3599 966 3664 huius
987 3600 1061 3665 anni
1083 3601 1220 3664 interrex

150 3714 250 3780 Dorso
281 3725 389 3777 noster
413 3712 528 3791 fuerit3
550 3713 752 3802 magistratus
770 3710 827 3776 ille
846 3710 1015 3800 gerebatur
1035 3734 1051 3774 a
1072 3710 1221 3775 consola·

149 3828 251 3907 ribus,
286 3848 361 3915 ergo
394 3826 481 3916 optio
511 3825 594 3890 inter
619 3825 707 3889 hunc
731 3837 762 3889 et
783 3824 925 3890 Marcum
949 3825 1018 3912 (13)
1041 3824 1219 3889 censorium

148 3943 224 4006 anni
253 3944 319 4005 412
340 3938 487 4004 iaciendo
509 3952 564 4004 est.
614 3937 655 4002 m
676 3937 728 4003 hic
749 3949 851 4002 aetate
872 3938 1053 4028 provectior
1074 3949 1155 4016 erat,
1180 3937 1220 4002 de

146 4055 247 4121 altero
288 4054 386 4143 igitur
416 4053 501 4118 malo
533 4053 685 4142 cogitare,
720 4050 877 4139 siquidem
908 4051 950 4116 M.
974 4051 1119 4116 Valerius
1148 4052 1220 4129 ille,

147 4192 168 4231 a
193 4191 254 4257 quo
276 4168 494 4256 interregnum
515 4166 652 4255 accepit,
677 4163 788 4229 consul
808 4162 904 4229 fuerit
925 4165 1014 4229 annis
1033 4170 1114 4245 406,
1141 4172 1221 4245 408,

180 4445 252 4511 ¹)11.
273 4453 303 4497 18
324 4449 339 4510 ξ
358 4452 381 4498 8.
453 4443 473 4512 ²)
492 4444 566 4496 Ovid.
585 4444 655 4495 Fost.
673 4447 721 4497 VI.
743 4450 798 4495 183.
867 4441 886 4511 ⁵)
905 4443 943 4495 cf.
968 4444 1024 4495 Lib.
1043 4445 1079 4494 ΙΙ.
1099 4445 1159 4510 Cep.
1178 4458 1225 4497 vm

142 4534 330 4597 §2,p.126.
437 4528 456 4597 ll
475 4531 533 4580 Lis.
550 4530 628 4581 VIII.
646 4535 671 4580 3.
