3212 5294
538 460 711 507 rmcusnra
734 460 893 504 suasurus.
1189 446 1249 508 179

226 626 390 705 Praecedit
418 634 548 703 historia
575 636 705 715 eadem,
730 656 812 729 quae
833 637 959 704 duobus
976 635 1240 727 praecedentibus

177 751 361 817 continetur
388 750 589 839 fragmentis,
619 773 691 817 eom
719 752 876 817 tamenin
897 751 1181 832 modumrariata,
1205 765 1242 819 ut

177 865 252 931 satis
269 877 421 955 appareat
437 861 608 931 Plutarcho
627 863 754 933 Livium
769 865 865 933 fuisse
883 877 1055 933 auctorem.
1081 864 1241 948 Quoniam

177 992 283 1045 autem
300 978 442 1067 dignosci
459 989 614 1067 nequeat,
639 977 714 1068 quid
741 978 841 1044 Fabio
861 977 1067 1045 tribuendum
1085 979 1142 1057 sit,
1160 979 1241 1069 quid

176 1116 261 1171 non,
294 1091 383 1157 nolui
414 1090 593 1157 describere
621 1089 785 1157 Plutarchi
806 1091 1018 1159 narrationem
1039 1091 1148 1159 multis
1168 1092 1238 1158 aliis

175 1205 372 1284 immixtam,
396 1228 500 1296 neque
526 1217 634 1271 tamen
656 1217 758 1272 totum
779 1206 885 1274 locum
907 1206 1037 1273 missum
1056 1205 1161 1272 lacere
1179 1229 1237 1275 ro·

176 1318 243 1398 lui,
267 1332 303 1385 ut
323 1343 340 1384 a
358 1319 493 1387 Krauda
513 1319 634 1387 lactum
654 1343 721 1389 esse
743 1320 847 1387 rideo.

174 1541 204 1606 N
207 1546 229 1609 ⁶.
266 1540 356 1608 XIII.
391 1542 521 1616 Κόϊντος
534 1543 565 1609 δὲ
579 1541 697 1623 Φάβιος
710 1545 796 1609 κατὰ
807 1545 842 1609 τὸ
856 1544 971 1625 πρῶτον
986 1544 1053 1616 ἔτος
1065 1550 1121 1618 τῆς
1134 1542 1243 1622 ὀγδόης

267 1655 484 1735 Ὀλύμπιάδος
514 1667 538 1721 ¹.

174 1767 229 1835 ΝΟ.
271 1767 355 1835 XIV.
401 1767 520 1847 Φάβιος
541 1769 571 1833 δὲ
592 1766 721 1841 Κόϊντος
742 1768 918 1850 ἀρχομένης
934 1768 963 1844 η’
979 1767 1197 1846 Ὀλυμπιάδος
1218 1776 1245 1835 ².

172 1881 228 1949 Na
265 1881 332 1948 XV.
380 1881 500 1948 Pictori
526 1881 660 1947 Romam
692 1892 802 1947 octana
829 1879 1011 1971 olympiade
1036 1880 1141 1971 placet
1164 1902 1242 1947 con·

266 1993 367 2061 ditem
388 2005 413 2061 ³.

220 2106 333 2173 Annus
363 2105 460 2173 Urbis
491 2105 637 2175 conditae
665 2100 866 2196 abantiquis
887 2104 1137 2197 chronographis
1159 2104 1241 2171 deli·

172 2218 324 2286 niebatur
353 2239 410 2307 per
438 2216 574 2283 alterum
603 2229 746 2307 tempus,
777 2217 864 2307 quod
890 2230 1036 2284 constare
1056 2217 1242 2296 ridebatur,

173 2354 296 2399 annum
328 2329 421 2407 solo,
450 2351 515 2418 quo
543 2352 630 2420 reges
657 2330 742 2420 pulsi
771 2341 854 2398 eunt.
904 2332 1005 2398 Huius
1028 2331 1074 2396 rei
1097 2330 1180 2396 fama
1203 2328 1243 2395 ad

174 2446 314 2513 Graecos
333 2454 536 2534 peruenerat,
559 2444 653 2511 etsie
672 2443 710 2508 ad
731 2466 788 2508 nos
804 2444 948 2534 persenit
968 2467 1084 2510 nomen
1105 2442 1241 2509 archon·

174 2560 215 2625 tis
245 2557 408 2638 Πυρχίων,
444 2557 499 2646 qui
528 2555 590 2623 hoc
618 2556 800 2645 magistratu
827 2557 956 2622 functos
983 2569 1029 2623 est
1058 2555 1107 2623 01.
1134 2554 1243 2623 LVIII

173 2695 202 2736 a.
228 2675 258 2735 l.
307 2667 461 2755 Polybius
481 2679 513 2732 et
534 2665 692 2732 Diodorus
713 2690 831 2733 annum
849 2680 1025 2758 posuerunt
1043 2681 1243 2758 sequentem,

174 2782 261 2874 quod
283 2780 433 2870 equidem
454 2779 659 2869 explicuerim
679 2804 716 2846 ea
735 2781 879 2870 neglecta
897 2781 1017 2856 mensis
1026 2780 1163 2859 ratione,
1178 2803 1244 2870 quo

174 2919 278 2963 annus
310 2893 433 2958 Atticus
461 2892 652 2983 incipiebat,
683 2906 714 2959 et
735 2893 815 2971 diei,
836 2916 900 2983 quo
923 2916 1011 2982 reges
1030 2893 1115 2984 pulsi
1137 2893 1244 2958 leran-

172 3021 241 3085 tur,
275 3004 332 3095 qui
362 3005 425 3069 luit
452 3003 531 3070 VIII
556 3004 618 3069 lral.
641 3016 733 3073 mart.
758 3004 935 3072 secundum
960 3002 1112 3071 Ovidium
1133 3012 1165 3084 ⁴,
1188 3018 1244 3072 aut

173 3119 253 3185 VIII
277 3118 341 3183 lral.
362 3117 454 3207 april.
479 3116 653 3183 seeundum
674 3118 785 3184 Fastos
806 3118 1044 3197 Praenestinum
1067 3119 1167 3183 altera
1191 3141 1242 3183 er·

172 3231 265 3299 randi
293 3252 386 3295 causa
412 3253 478 3295 esse
501 3230 606 3319 potuit
625 3229 711 3309 dies,
735 3252 799 3320 quo
820 3229 964 3296 consules
984 3229 1139 3295 bonorem
1159 3230 1241 3296 inie-

173 3347 255 3424 rint,
281 3343 410 3409 disersis
432 3343 628 3433 temporibus
650 3343 705 3432 qui
724 3342 786 3407 luit
806 3343 958 3408 diversus.

219 3455 418 3523 Niebubrius
436 3456 538 3521 credit
558 3456 692 3521 Fabium
714 3454 801 3522 bunc
821 3479 938 3522 annum
958 3454 1002 3520 sic
1022 3467 1239 3545 computasse,

173 3571 277 3638 Roma
304 3595 322 3635 a
349 3569 449 3635 Gallis
473 3581 565 3659 capta
590 3566 640 3635 01.
660 3568 792 3635 XCVIII
812 3594 839 3634 a.
861 3574 897 3646 1,
921 3593 939 3633 a
965 3569 1074 3658 prImis
1099 3568 1241 3632 consuli-

173 3683 235 3748 bus
263 3682 302 3748 ad
333 3682 453 3748 Urbem
483 3692 609 3772 captam
635 3680 710 3745 anni
728 3681 858 3745 luerunt
882 3682 960 3758 120,
984 3679 1104 3744 Romae
1126 3702 1239 3768 regna-

172 3810 243 3863 tum
264 3808 312 3862 est
331 3819 389 3886 per
409 3819 508 3860 annos
528 3799 609 3874 2403
633 3794 750 3884 quibus
770 3798 835 3858 360
855 3793 944 3858 annis
962 3792 1111 3858 detractis
1132 3795 1239 3884 sequi·

171 3923 227 3976 tur
246 3911 382 3981 Romam
405 3909 565 3974 conditam
583 3930 648 3972 esse
661 3904 712 3973 Ol.
723 3906 801 3971 VIII
815 3931 843 3973 a.
859 3911 887 3972 1.
912 3906 1020 3995 Longe
1041 3906 1239 3997 probabilior

173 4023 327 4090 Brbclreri
350 4035 362 4072 ⁵
393 4022 516 4113 opinio,
547 4022 705 4086 Pictorem
728 4018 815 4084 hunc
839 4042 960 4085 annum
984 4032 1184 4110 computasse
1203 4043 1240 4085 er

173 4136 259 4201 ludis
286 4134 500 4202 saecularibus
525 4158 609 4201 anno
631 4139 695 4201 505
722 4133 905 4212 celebratis,
928 4132 981 4198 hic
1001 4134 1086 4198 enirn
1107 4157 1239 4225 respon-

203 4416 225 4483 1)
233 4418 403 4468 Πίοῃ.ΗαΙ.Ι.
413 4416 496 4483 illex
502 4415 564 4467 Cod.
572 4417 641 4482 Vnt.)
674 4414 816 4482 ²)Synce11.
828 4413 986 4480 ceronnam.
996 4420 1052 4464 194.
1083 4411 1103 4477 ³)
1112 4415 1245 4465 Solinual.

163 4501 186 4571 ⁴)
207 4502 278 4554 Foet.
296 4505 333 4555 ΙΙ.
352 4507 412 4553 685.
466 4500 486 4569 5)
511 4499 607 4564 Unters¹>
622 4506 646 4552 u.
661 4501 685 4553 d.
703 4499 1005 4553 uertendumque.
1025 4496 1108 4549 Gescb.
1123 4516 1147 4565 p.
1167 4502 1222 4548 169.

1037 4584 1102 4647 12*
