3212 5294
327 480 388 543 242
471 497 498 547 o.
520 492 623 538 rxnros
644 493 674 536 u.
697 493 725 536 r.
747 490 775 534 a.
796 490 825 535 n.
847 489 978 533 usxruos
1000 490 1163 534 nocerinus
1184 471 1259 555 (17).

334 671 488 739 millibus.
535 669 693 762 Equidem
715 669 803 735 bunc
824 667 915 734 Fabii
941 665 1139 758 triumphum
1160 665 1308 733 nonnihil
1327 689 1404 732 auc-

336 798 405 851 tum
427 784 570 876 suspicor
589 796 721 874 propter
732 795 852 849 ceteras
868 804 935 861 res,
952 803 1031 871 quas
1047 781 1079 846 iu
1095 778 1225 846 Samnio
1245 792 1278 845 et
1291 779 1406 870 Apulia

335 911 444 990 postea
473 898 576 990 gessit
621 896 769 987 Denique
798 920 837 961 eo
863 894 977 961 melius
1008 894 1114 985 sperni
1143 905 1248 984 potest
1271 893 1406 958 Victoris

336 1012 572 1091 testimonium,
604 1009 723 1101 quippe
750 1009 858 1100 quiin
878 1006 1018 1074 seeundo
1042 1007 1133 1073 Fabii
1156 1004 1319 1096 triumpho
1341 1029 1405 1072 non

335 1149 444 1191 rerum
469 1123 644 1191 tradiderit.

620 1308 638 1390 §
664 1311 695 1371 5.
742 1304 904 1370 Interrex
927 1307 1074 1395 433s434
1098 1312 1123 1369 ¹.

384 1463 457 1530 Non
488 1475 594 1529 tamen
622 1462 761 1528 multum
793 1463 909 1528 lucrati
937 1474 1010 1527 sunt
1037 1461 1174 1528 Romani
1200 1460 1323 1552 duplici
1351 1462 1410 1528 illo

340 1576 522 1668 triumpho,
552 1600 625 1642 nam
652 1577 815 1641 insecutus
837 1588 885 1642 est
909 1575 1104 1642 tristissimus
1124 1575 1181 1641 ille
1201 1599 1302 1641 annus
1323 1574 1410 1642 Cau-

342 1692 434 1757 dinae
458 1690 568 1758 cladis.
612 1689 714 1773 Quem
744 1690 852 1756 locum
874 1689 919 1755 sie
939 1702 1064 1755 tantum
1083 1689 1256 1780 attingam,
1279 1702 1316 1755 ut
1334 1711 1411 1755 cau·

341 1829 405 1871 sam
419 1804 515 1870 luisse
528 1827 598 1869 eam
615 1802 745 1868 dixerim
757 1801 848 1881 huie,
864 1801 904 1868 de
920 1826 985 1893 quo
997 1803 1119 1881 dicam,
1132 1802 1273 1868 Rulliani
1285 1802 1409 1869 honori.

340 1917 551 1985 Comitiorum
570 1915 794 1982 habendorum
816 1938 909 1982 eausa
926 1939 1019 2006 supra
1036 1929 1048 1967 ²
1067 1915 1203 1981 vidimus
1220 1915 1410 1982 dictatorem

342 2030 379 2114 Ω.
400 2030 537 2097 Fabium
559 2029 752 2097 Ambustum
784 2029 856 2116 (21)
881 2052 947 2095 esse
969 2029 1111 2109 dictum,
1136 2029 1192 2119 qui
1221 2030 1298 2096 vitio
1322 2051 1413 2096 erea-

342 2155 392 2209 tus
413 2167 445 2210 se
458 2143 636 2223 abdicarit,
655 2156 690 2209 ut
710 2142 753 2209 Μ.
767 2142 920 2209 Aemilius
932 2143 1035 2234 Papus
1053 2143 1164 2209 itidem
1179 2143 1318 2210 dictator
1338 2167 1413 2211 eum

340 2257 491 2346 magistro
511 2255 548 2322 L.
560 2256 687 2322 Valerio
698 2257 826 2325 Flacco.
861 2256 942 2322 Tum
960 2256 1081 2346 placuit
1092 2279 1252 2324 recurrere
1272 2258 1311 2324 ad
1332 2260 1412 2325 alte-

341 2393 412 2436 rum
441 2367 635 2448 remedium,
662 2369 801 2435 interrex
827 2392 943 2460 nempe
967 2381 1002 2434 ut
1026 2369 1230 2461 proderetur,
1257 2394 1322 2462 quo
1340 2395 1414 2438 mu-

342 2506 419 2549 nere
446 2482 616 2548 Rullianus
644 2494 752 2548 noster
778 2505 836 2573 per
862 2484 1005 2574 quinque
1026 2482 1093 2549 dies
1113 2483 1242 2550 functus
1265 2497 1326 2564 est,
1359 2486 1415 2552 sed

345 2594 457 2684 religio
478 2594 643 2672 obstabat,
667 2596 837 2684 quominus
856 2607 1014 2687 praeesset
1032 2595 1185 2676 comitiis,
1202 2597 1319 2688 quibus
1335 2599 1417 2665 alter

341 2707 473 2773 demum
497 2706 636 2797 praefuit
660 2707 798 2773 interrex
822 2707 866 2776 Μ.
890 2706 1034 2773 Valerius
1059 2707 1190 2778 Corvus.

650 2891 668 2972 §
693 2893 722 2955 6.
769 2889 928 2955 Dictator
962 2893 986 2957 Ι.
1011 2895 1077 2958 439
1098 2905 1120 2957 ³.

358 3062 388 3120 Q.
407 3061 535 3111 FABIUS
550 3063 587 3112 M.
606 3064 637 3112 F.
652 3064 688 3113 N.
708 3064 742 3113 N.
759 3064 927 3112 MAXIMUS
941 3064 1142 3116 ueneratus
1158 3068 1252 3120 DIUT.
1271 3071 1303 3119 R.
1324 3067 1356 3123 G.
1375 3071 1403 3120 0.

358 3147 387 3206 Q·
405 3149 535 3198 Anulus
551 3149 581 3207 Q.
599 3150 629 3199 F.
645 3146 713 3197 Aru.
731 3150 767 3199 Ν.
786 3150 1027 3199 annuemus
1041 3153 1126 3201 MAG.
1145 3154 1203 3212 EQ.

407 3232 453 3280 IN
467 3234 625 3283 Pnouclo
645 3235 787 3283 odessus
802 3235 880 3284 EST.
919 3235 965 3283 IN
978 3236 1064 3285 ulus
1079 3238 1109 3285 I..
1127 3238 1157 3286 F.
1177 3239 1247 3287 EST

357 3317 385 3367 0.
404 3317 532 3366 FABIUS
546 3319 584 3367 M.
604 3320 633 3368 F.
650 3320 686 3370 N.
705 3320 740 3369 N.
758 3320 949 3369 AMBUSTUS
964 3321 1047 3370 MAG.
1067 3322 1123 3380 EQ.

396 3471 604 3538 Nobilissima
631 3472 788 3541 dictatura
818 3475 989 3542 Rullianus
1009 3476 1141 3544 functus
1167 3491 1214 3545 est
1238 3503 1324 3547 auno
1339 3487 1418 3564 439,

349 3586 401 3652 cui
422 3597 527 3652 tamen
547 3585 634 3652 haud
653 3609 754 3678 pauca
773 3587 967 3656 abiudicavit
985 3589 1191 3662 Niebubrius.
1223 3593 1417 3687 Respublica

347 3699 386 3765 ad
418 3722 577 3766 summum
599 3701 727 3767 redacta
756 3715 823 3768 erat
851 3704 1053 3793 periculum3
1085 3707 1295 3797 praecedente
1334 3735 1418 3779 anuo

348 3811 384 3878 L.
405 3813 560 3880 Aemilius
579 3813 791 3881 Mamercinus
815 3814 952 3883 dictator
979 3817 1103 3885 bellum
1123 3820 1155 3885 iu
1176 3819 1308 3889 Samnio
1334 3836 1366 3890 et
1385 3825 1418 3890 in

348 3926 465 4016 Apulia
493 3938 648 4017 gesserat,
681 3926 735 3995 sed
764 3929 850 3995 malo
877 3952 1038 4010 successu,
1071 3955 1144 3999 narn
1171 3934 1331 4017 Plistiam,
1363 3938 1418 4003 ubi

349 4040 526 4105 Romanum
556 4052 623 4105 erat
642 4040 854 4130 praesidium,
888 4041 1045 4112 Samnites
1069 4048 1226 4115 obsessam
1247 4061 1417 4119 tenuerunt

348 4175 484 4244 eamque
504 4164 676 4242 ceperunt;
699 4165 767 4219 turn
788 4154 864 4221 Sora
885 4154 1045 4222 deleuerat
1064 4162 1184 4227 necatis
1203 4163 1417 4229 Romanorum

379 4424 569 4490 ¹)L1v1xr
621 4422 643 4493 ²)
660 4427 698 4478 Ol
711 4429 814 4480 L1b11
825 4430 885 4495 Cap
898 4433 1110 4498 vu1§3,p127.
1161 4432 1184 4502 ⁵)
1200 4435 1424 4503 FastCaphe.

345 4512 401 4561 Lir
420 4509 470 4560 IX.
490 4515 536 4571 22,
556 4517 602 4571 23;
619 4512 693 4564 Diod.
712 4513 762 4565 Sic.
782 4515 910 4567 xlma
