3154 5294
337 465 396 528 148
437 462 942 547 n.rrnrusc.nunnicronffl).
964 464 1101 548 §tnnc
1113 481 1277 526 snnrannn.
1289 463 1358 525 481.

254 662 256 665 ’
348 659 497 740 societas,
523 673 558 726 ut
577 659 656 725 bolli
676 658 788 724 Punici
806 656 937 724 historia
959 670 969 708 ¹
995 657 1104 737 docet3
1130 669 1206 723 tunc
1229 657 1314 723 enirn
1332 678 1408 747 pro·

346 785 419 863 pter
445 773 527 839 lianc
554 772 725 838 amicitiam
750 772 856 837 noluit
875 770 1076 836 Ptolemaeus
1099 769 1411 861 Carthaginiensibus

348 909 429 975 quae
451 886 605 977 petebant
626 886 744 951 talenta
763 884 982 975 suppeditare,
1001 907 1062 949 nec
1083 906 1183 974 quum
1203 883 1319 949 frustra
1340 883 1411 948 bol-

347 998 414 1064 lum
431 1019 622 1089 componere
644 1011 774 1065 conotus
793 1011 888 1076 esset,
912 1009 1023 1062 contra
1040 998 1157 1063 amicos
1174 997 1211 1062 iis
1222 1020 1316 1087 opem
1327 997 1410 1062 ferre

348 1113 459 1178 roluit.

393 1224 535 1315 Benigne
559 1224 696 1291 Romani
723 1224 772 1290 illi
791 1236 853 1290 tres
873 1225 996 1315 accepti
1016 1235 1108 1302 sunt,
1133 1224 1300 1314 ornatique
1320 1246 1410 1312 mag-

347 1335 450 1403 nificis
480 1338 684 1417 muneribus3
716 1360 784 1402 mos
815 1337 869 1402 ille
898 1337 960 1402 iam
989 1349 1067 1402 tunc
1091 1337 1260 1404 invaluisse
1286 1335 1412 1404 ridetur

346 1447 431 1539 apud
453 1447 690 1538 potentissimos
710 1470 815 1538 reges,
838 1447 928 1513 cuius
945 1449 991 1514 rei
1010 1449 1148 1515 Romani
1167 1449 1291 1514 barbati
1310 1449 1411 1539 ignari

348 1583 448 1651 quum
475 1572 597 1638 essent,
630 1559 761 1625 domum
788 1559 905 1624 reversi
924 1558 1008 1624 dona
1026 1559 1175 1649 privatim
1194 1571 1324 1650 accepta
1345 1582 1410 1624 non

347 1674 407 1738 sibi
422 1673 638 1751 retinuerunt,
653 1671 708 1738 sed
724 1673 756 1738 in
776 1672 931 1737 aerarium
949 1671 1176 1761 deposuerunt.
1200 1670 1293 1755 Quod
1308 1694 1411 1762 quum

346 1786 385 1851 ad
416 1796 559 1851 senatum
589 1786 749 1876 perlatum
778 1797 875 1864 esset,
904 1785 1048 1875 patribus
1076 1785 1131 1852 risi
1157 1798 1231 1852 sunt
1250 1784 1334 1852 dona
1354 1785 1413 1850 illa

346 1899 494 1991 privatim
509 1899 684 1989 accepisse,
699 1911 797 1988 atque
808 1897 972 1964 decretum
985 1909 1048 1976 est,
1064 1909 1099 1963 ut
1111 1908 1293 1988 quaestores
1305 1897 1414 1965 statim

347 2011 480 2101 singulis
509 2034 565 2076 sua
595 2010 798 2079 distribuant.
845 2011 994 2077 Valerius
1013 2011 1168 2077 Maximus
1187 2009 1249 2076 hoc
1269 2010 1415 2078 liberali-

346 2126 418 2191 tatis
449 2125 722 2215 abstinentiaeque
754 2125 934 2214 eremplum
965 2123 1003 2189 ad
1035 2122 1160 2190 eoelum
1190 2125 1291 2203 tollit3
1324 2125 1413 2190 haud

347 2240 412 2303 scio
441 2263 481 2303 an
509 2239 707 2329 simplicitati
731 2261 856 2305 morum
878 2237 984 2328 potius
1003 2236 1210 2303 tribuendum
1231 2238 1288 2315 sit,
1313 2237 1357 2303 ita
1375 2251 1414 2304 ut

232 2400 236 2413 .
345 2353 487 2442 aequitas
506 2365 611 2442 patres
630 2353 812 2443 impulerit,
837 2364 872 2417 ut
893 2351 971 2418 haec
992 2351 1210 2416 decernerent.
1298 2356 1300 2359 ’

389 2465 552 2530 Iustinus²
576 2463 715 2554 denique
734 2462 828 2529 huius
846 2463 1057 2528 abstinentiae
1075 2462 1191 2529 lamam
1210 2464 1302 2529 aliter
1320 2485 1414 2529 eror-

344 2591 450 2644 natam
483 2578 617 2656 invenit,
651 2577 745 2642 tradit
773 2599 889 2667 nempe
919 2576 1040 2667 legatos
1063 2577 1216 2667 sprevisse
1236 2576 1414 2642 Ptolemaei

346 2693 487 2780 ingentia
517 2713 648 2755 munera
680 2689 890 2755 Alexandriae
922 2689 999 2755 dum
1032 2702 1151 2769 essent,
1185 2703 1218 2756 et
1237 2690 1417 2756 interiectis

345 2804 457 2869 diebus
493 2824 594 2891 quum
629 2823 742 2866 aureae
775 2824 910 2867 coronae
940 2802 1004 2867 illis
1036 2803 1075 2867 ad
1106 2824 1239 2867 coenam
1271 2802 1416 2868 inritatis

346 2917 459 2982 missae
490 2925 608 2992 essent,
640 2937 692 2979 eas
722 2926 850 3004 postero
880 2914 933 2979 die
962 2916 1073 2981 statuis
1103 2915 1184 3004 regis
1214 2914 1415 3004 imposuisse.

350 3032 390 3094 At
418 3051 483 3093 non
511 3038 578 3093 erat
605 3049 662 3093 cur
691 3027 891 3093 Ptolemaeus
911 3039 984 3118 post
1005 3028 1103 3094 ictum
1125 3027 1235 3093 foedus
1262 3028 1418 3093 Romanis

348 3141 427 3208 adeo
447 3140 660 3218 blandiretur3
685 3141 783 3206 altera
804 3142 888 3206 lama
913 3141 1041 3229 ingenio
1064 3142 1209 3207 Romano
1230 3142 1325 3231 longe
1344 3165 1417 3207 me-

346 3257 407 3321 lius
427 3255 614 3347 respondet,
638 3255 692 3320 sed
713 3254 795 3320 hanc
813 3277 887 3320 oum
904 3253 1044 3320 Fabricii
1062 3267 1094 3320 et
1115 3255 1302 3321 Xenocratis
1320 3254 1419 3320 factis

350 3371 544 3435 miscuerunt
571 3381 689 3436 veteres
711 3369 744 3434 in
764 3368 851 3433 huno
870 3366 1011 3434 modum.

711 3555 729 3638 §
755 3556 785 3619 2.
837 3548 961 3616 Consul
983 3553 1058 3618 488.

625 3712 653 3762 n.
671 3712 771 3760 riorus
790 3712 814 3760 c,
833 3713 858 3762 r.
876 3714 906 3762 n.
926 3712 954 3761 n.
973 3710 1072 3760 ricron
1091 3708 1108 3759 ³.

623 3798 650 3845 n.
670 3777 766 3844 tutius
784 3797 811 3846 n.
830 3798 854 3844 r.
873 3797 900 3845 n.
919 3798 948 3846 n.
967 3796 1050 3844 osni.

397 3930 541 4020 Uterque
568 3932 681 3998 consul
710 3933 843 3999 testibus
865 3933 965 3998 Fastis
990 3931 1110 4022 duplici
1131 3933 1294 4023 triumpho
1320 3956 1422 4000 orna·

355 4058 403 4110 tus
439 4056 501 4122 est,
534 4045 590 4134 qui
621 4045 661 4111 de
697 4046 807 4111 ltaliae
838 4046 966 4137 populis
994 4044 1101 4110 ultimi
1129 4045 1225 4112 fuisse
1251 4046 1424 4126 ridentur,

352 4180 434 4222 unus
470 4156 510 4223 de
542 4159 770 4250 superioribus,
802 4159 882 4225 alter
912 4159 952 4225 de
983 4158 1194 4225 inferioribus.
1241 4159 1423 4250 Postquam

378 4435 400 4502 ¹)
418 4437 485 4501 App.
504 4434 554 4486 Sic.
575 4444 597 4488 1.
649 4436 670 4503 ²)
689 4438 794 4491 XVIII.
812 4447 827 4490 n
845 4439 896 4504 ts.
958 4437 979 4508 ὅ)
996 4442 1064 4495 uass.
1081 4442 1121 4492 tri.
1137 4442 1209 4499 h.a;
1226 4438 1337 4493 cassiod.
1344 4463 1351 4501 ;
1371 4442 1433 4497 An.

345 4524 420 4580 Nor.;
438 4523 505 4573 Fast.
524 4523 574 4574 Sic.
