3190 5304
495 445 515 528 5
535 446 566 508 6.
590 462 764 507 russanum
787 462 946 507 nnnnmuu.
1199 447 1259 510 ³97

189 644 241 713 Nu
276 644 319 710 ll.
368 642 564 711 Ostendebat
591 642 814 732 grammaticus
834 640 867 706 in
891 640 975 705 libro
999 637 1059 704 lV⁰
1083 640 1255 707 Annalium

279 757 370 823 Fabii
405 759 448 823 ita
482 756 654 846 scriptum:
689 764 913 845 »quapropter
945 765 1013 818 tum
1044 754 1184 843 primum
1214 777 1253 820 er

199 892 202 897 ·
279 870 376 961 plebe
405 871 487 936 alter
513 868 625 935 consul
652 868 756 933 sactus
784 879 849 945 est,
891 864 1139 933 duoetrioesimo
1169 890 1254 932 anno

197 1004 200 1013 ’
279 979 448 1074 postquam
467 983 603 1048 Romam
624 980 708 1047 Galli
720 981 904 1070 ceperunt.''
933 977 1022 1058 Non,
1035 978 1156 1068 inquit,
1172 980 1255 1047 duo·

278 1102 463 1162 etoe'oesa'mo
491 1095 545 1162 sed
574 1095 834 1161 duodevicesimo
853 1092 949 1158 scribi
969 1092 1120 1182 oportuit.
1169 1090 1253 1174 Quid

278 1215 363 1279 enim
383 1225 429 1279 est
448 1206 697 1278 duoetvicesimo
720 1210 760 1274 ¹?

197 1351 201 1355 ’
235 1325 330 1391 llunc
360 1326 467 1391 locum
496 1320 674 1391 Serrilian'o
699 1321 923 1388 vindicandum
944 1343 1010 1387 esse
1029 1320 1125 1387 credo
1145 1333 1255 1387 contra

190 1440 332 1504 omnium
359 1451 439 1528 quot
469 1438 535 1503 scio
565 1437 766 1528 opinionem;
793 1435 915 1501 Gellius
939 1458 1055 1526 nempe
1076 1434 1132 1501 ubi
1153 1433 1255 1501 Serrii

189 1553 323 1617 Pictoris
351 1551 460 1617 laudat
488 1550 684 1640 fragmenta,
708 1548 770 1614 boc
794 1549 961 1638 adscripsit
981 1570 1177 1638 cognomen,
1201 1546 1254 1611 hic

187 1687 262 1730 roro
292 1664 436 1730 »Fabiu
465 1661 594 1728 annales
621 1661 783 1740 nominat,
815 1662 902 1727 unde
921 1662 1067 1752 sequitur
1086 1661 1121 1725 ni
1140 1661 1255 1740 fallor,

189 1777 386 1842 diuersorum
414 1776 504 1842 locos
531 1798 599 1842 esse
628 1775 750 1841 allatos.
806 1774 910 1858 Quum
933 1771 1050 1839 deinde
1071 1773 1196 1839 constet
1217 1796 1257 1839 ox

189 1887 341 1978 Dionysio
373 1889 547 1956 Maximum
576 1899 722 1954 nostrum
751 1887 867 1953 Latino
896 1910 986 1953 usum
1007 1885 1074 1952 esse
1092 1909 1255 1965 sermone,

189 2023 247 2067 cur
264 2003 370 2069 locum
387 2003 480 2070 illurn
499 2025 533 2068 re
552 2024 625 2067 sero
637 1996 749 2066 Latine
764 2001 917 2091 scriptum
938 2022 1003 2064 non
1022 1998 1256 2065 vindicabimus

190 2116 326 2181 nostro?
362 2114 476 2205 Neque
504 2114 543 2179 ad
565 2114 701 2179 incertas
730 2112 928 2178 coniecturas
956 2111 1178 2200 confugiamus
1198 2135 1255 2177 ne·

190 2249 274 2293 cesse
290 2240 352 2305 est,
376 2249 436 2292 neo
447 2228 624 2316 cogitemus
642 2224 683 2291 de
699 2225 811 2290 Latina
827 2223 939 2308 Quinti
955 2223 1088 2288 Pictoris
1105 2224 1256 2290 rersione.

236 2338 460 2405 Niebuhrius2
481 2339 582 2406 credit
598 2339 734 2405 Fabium
753 2338 925 2415 Pictorem,
943 2336 1033 2401 cuius
1045 2334 1257 2426 chronologia

190 2475 253 2517 una
278 2453 381 2518 differt
409 2452 591 2544 olympiade
616 2452 656 2517 ab
686 2474 738 2531 ca,
772 2454 874 2541 quam
902 2448 1061 2515 Diodorus
1094 2450 1255 2539 sequitur,

189 2565 347 2656 scripsisse
369 2589 390 2630 r>
398 2566 658 2631 duodevicesimo
674 2568 788 2643 arrno'’,
808 2588 881 2629 nam
894 2562 973 2629 haec
985 2585 1140 2628 annorum
1160 2563 1257 2628 series

190 2679 276 2768 apud
295 2677 470 2744 Diodorum
487 2674 674 2744 numeratur
688 2679 772 2742 iuter
789 2677 909 2743 Urbem
926 2688 1052 2768 captam
1068 2689 1099 2742 et
1115 2676 1255 2766 primum

188 2791 353 2857 consulem
383 2790 556 2881 plebeium.
604 2789 675 2856 Non
701 2802 823 2881 potest,
850 2791 973 2880 inquit,
1003 2813 1106 2856 sermo
1127 2813 1194 2856 esse
1214 2790 1257 2856 de

187 2903 308 2970 mendo
327 2903 494 2994 graphico,
519 2902 733 2970 nobilissimus
753 2905 837 2970 enim
859 2902 976 2969 dicitur
995 2903 1051 2969 ille
1071 2906 1256 2993 grammati-

187 3040 261 3095 cus,
285 3030 317 3082 et
337 3016 399 3082 hoo
420 3029 545 3082 tantum
566 3017 627 3082 sibi
646 3013 748 3082 soluit
766 3017 889 3083 Gellius
906 3018 1147 3106 grammaticum
1162 3018 1256 3083 illum

189 3153 223 3196 sc
244 3120 371 3197 vertisse
391 3128 431 3195 ad
448 3129 693 3219 discrepantiam
708 3128 986 3219 chronologicam,
1012 3150 1111 3220 quum
1128 3129 1257 3221 graphi·

188 3266 263 3309 cum
284 3242 436 3308 mendum
458 3241 584 3307 nullum
604 3241 784 3308 invenisset.

235 3355 320 3420 Huic
348 3354 490 3445 opinioni
513 3354 605 3444 plura
629 3353 731 3420 habeo
751 3353 950 3435 obiicienda3
973 3354 1078 3444 primo
1100 3377 1164 3420 non
1185 3355 1258 3420 Pie·

188 3469 268 3535 toris
298 3466 352 3532 scd
381 3466 551 3533 Serviliani
579 3466 669 3533 locus
699 3480 763 3541 est,
796 3466 851 3531 sed
881 3467 930 3532 rel
954 3465 1016 3531 boc
1036 3465 1122 3531 mitti
1140 3479 1257 3556 potest.

190 3583 273 3648 Tum
304 3579 462 3646 Diodorus
495 3603 559 3646 non
594 3585 635 3649 lo
664 3604 763 3647 annos
786 3580 841 3647 sed
869 3585 912 3646 24
931 3582 1015 3646 inter
1036 3592 1179 3672 tempora
1200 3583 1258 3647 ista

188 3708 372 3774 enumerat;
404 3695 499 3761 iterat
527 3694 657 3785 quidem
682 3718 740 3785 per
757 3695 899 3784 primum
921 3695 1179 3785 quinquennium
1200 3695 1260 3760 tri-

187 3809 350 3874 bunorum
375 3809 519 3887 nomina,
542 3819 579 3873 ut
598 3806 805 3896 chronologia
834 3830 888 3872 sua
918 3819 1071 3897 congruet
1101 3831 1167 3874 non
1197 3809 1259 3873 lla·

187 3923 304 3987 bianae
334 3933 458 3987 tantum
492 3920 545 3986 sed
576 3920 688 3986 ceteris
710 3913 850 4010 quoque.
898 3919 1037 4001 Ileinde,
1061 3933 1096 3987 ut
1118 3921 1259 3986 Laurent

187 4046 278 4101 recte
300 4034 462 4114 observat,
487 4058 551 4099 non
571 4033 723 4124 cogitarit
742 4034 964 4123 grammaticus
979 4033 1020 4099 de
1034 4032 1258 4123 chronologia,

186 4146 394 4237 reprehendit
422 4148 546 4213 nonnisi
578 4147 727 4213 vocabuli
757 4147 913 4225 formam3
943 4147 1022 4238 quid
1050 4162 1116 4228 est,
1154 4149 1260 4239 inquit

188 4261 465 4327 duoetoa'cesimo?
505 4259 677 4326 dicendum
715 4260 826 4325 fuisset
859 4260 999 4326 secundo
1029 4272 1061 4328 et
1091 4260 1259 4338 vicesimo,

214 4510 325 4579 '¹tGe11·
343 4513 377 4563 V·
398 4517 413 4560 ⁴
431 4509 444 4576 t
460 4515 491 4571 θ,
510 4517 534 4560 ⁴·
604 4506 625 4575 ²)
643 4507 677 4564 R..
696 4505 727 4561 o.
745 4509 782 4562 11.
800 4510 861 4559 sao.
