3154 5294
337 445 396 509 rat
424 490 425 493 ,
479 464 509 507 u.
523 460 741 511 rariusque.
753 460 780 504 n.
792 440 968 523 nonsolld).
989 441 1050 523 §L
1069 440 1257 504 eousnuldt).

344 640 534 709 sacrificium
553 643 586 707 in
606 642 722 707 Vestae
742 639 866 730 templo
882 650 1049 728 peractum
1065 659 1149 714 esse,
1165 660 1239 703 nam
1255 637 1301 702 nil
1322 637 1410 703 aliud

343 756 420 821 huie
448 756 551 821 lamae
581 755 708 833 subest,
737 776 832 844 quam
863 753 970 818 eultus
995 751 1081 816 illius
1105 750 1183 815 deae
1200 772 1416 840 numquama

345 868 527 935 Vestalibus
566 869 777 946 intermissus,
816 868 872 957 qui
901 859 983 931 male
1011 864 1075 929 huc
1104 863 1220 954 pedem
1251 864 1414 930 intulerat.

345 982 513 1072 Perperatn
540 1005 614 1072 erqo
641 981 717 1049 inde
742 978 874 1047 deduxit
892 980 1033 1046 Bro‘eker
1057 989 1066 1026 ¹
1089 998 1127 1044 er
1148 978 1232 1043 fama
1252 976 1347 1043 huius
1369 1001 1419 1041 sa-

346 1093 460 1158 crificii
490 1092 582 1184 sequi
611 1091 728 1158 dehere
756 1092 915 1181 templum
944 1095 1061 1157 Vestae
1086 1114 1151 1156 non
1178 1112 1245 1156 esse
1274 1089 1418 1157 dirutum

344 1227 405 1271 nee
433 1206 600 1271 incensum
624 1229 642 1270 u
670 1205 785 1283 Gallis;
819 1204 940 1295 aliquid
971 1205 1116 1283 dixisset,
1149 1205 1174 1269 si
1196 1203 1290 1269 aedes
1309 1204 1364 1269 illa
1383 1205 1418 1268 in

345 1320 417 1409 ipso
443 1317 601 1402 Quirinali
626 1319 781 1397 stetisset,
805 1319 893 1408 quod
920 1336 1022 1408 quum
1047 1342 1112 1383 non
1137 1319 1182 1384 ita
1201 1318 1256 1397 sit,
1281 1318 1350 1385 noli
1369 1316 1419 1382 di-

346 1455 450 1497 rersas
478 1434 613 1499 miseere
640 1433 758 1511 lamas,
788 1454 866 1522 quas
894 1431 1052 1499 historicis
1078 1455 1142 1497 non
1169 1454 1244 1498 vero
1268 1429 1420 1503 historiae

347 1543 511 1611 dehemus.

775 1747 979 1763 Μ

757 1888 939 1963 CAPUT
970 1892 1019 1963 ΙΙ.

507 2069 640 2119 mancus
663 2028 781 2116 ruerus
805 2067 834 2115 c.
859 2068 889 2118 r.
915 2049 971 2138 (o.)
995 2069 1024 2114 u.
1048 2069 1154 2116 nouso
1180 2049 1252 2140 (rat

712 2205 729 2288 §
757 2204 785 2265 1.
837 2196 963 2265 Consul
987 2204 1064 2267 409.
1166 2284 1168 2291 y

608 2354 638 2402 u.
658 2352 760 2400 risurus
779 2353 802 2401 c.
821 2353 845 2402 r.
865 2351 910 2417 (o.)
929 2353 958 2402 u.
976 2351 1069 2401 nense
1086 2349 1105 2400 2.

604 2437 684 2486 sunt.
703 2436 848 2486 suerrcrus
867 2437 1030 2486 cruentans
1050 2436 1149 2485 nurus,

398 2567 536 2633 Videtur
561 2566 651 2632 hicce
678 2565 779 2632 Dorso
804 2566 976 2657 superioris
997 2566 1083 2631 lilius
1104 2566 1217 2644 fuisse;
1242 2588 1324 2656 quae
1344 2566 1427 2630 ratio

352 2702 417 2752 non
438 2694 524 2747 certa
547 2680 601 2745 sed
622 2691 753 2770 propter
774 2703 872 2746 annos
892 2680 967 2745 satis
986 2679 1176 2746 verisimilis.
1189 2680 1196 2744 .’

398 2792 553 2858 inclaruit
577 2791 630 2856 hio
651 2815 752 2858 annus
774 2804 786 2842 ³
808 2793 896 2858 hello
919 2793 1085 2871 Auruncu,
1110 2791 1197 2882 quod
1219 2804 1428 2882 susceperuut

355 2886 511 2981 Romani,
540 2925 640 2993 quum
663 2903 795 2969 Latinus
812 2904 870 2969 ille
890 2902 1083 2993 Campaniae
1105 2905 1428 2997 proximuspopulus

353 3038 444 3105 agros
474 3014 628 3079 finitimos
658 3012 919 3104 depopularetur.
977 3014 1065 3080 Metu
1103 3039 1144 3081 ne
1180 3017 1274 3082 unius
1306 3017 1429 3082 scilieet

352 3125 467 3217 populi
494 3125 701 3217 depopulatio
724 3126 895 3192 consilium
920 3138 999 3192 esset
1022 3129 1126 3193 omnis
1146 3129 1284 3195 nominis
1303 3127 1429 3207 Latini,

356 3238 510 3308 Camillus
528 3240 666 3305 dictator
692 3252 818 3306 creatur
836 3239 922 3305 velut
942 3239 1091 3306 adversus
1113 3254 1269 3308 armatum
1290 3244 1353 3309 iam
1376 3255 1428 3308 to·

354 3365 423 3419 turn
440 3352 580 3419 Latium.
615 3350 679 3419 Sed
698 3365 830 3445 propter
848 3352 953 3443 ipsum
974 3352 1163 3420 dictatorem
1184 3356 1336 3446 suspicari
1352 3356 1429 3421 licet

355 3467 543 3532 memoriam
572 3465 666 3532 huius
686 3466 766 3531 belli
794 3466 954 3545 vitiatam3
977 3467 1039 3556 ipsi
1059 3466 1150 3533 Livio
1178 3467 1300 3557 aliquid
1330 3468 1428 3534 eubo-

355 3580 417 3645 luit
447 3580 602 3646 scribens:
639 3581 757 3645 >ructet
780 3580 927 3646 adversus
947 3581 1011 3645 iam
1031 3593 1135 3647 totum
1156 3581 1304 3648 Latium'’
1323 3580 1429 3646 dic-ta-

359 3705 462 3760 torem
492 3717 559 3759 esse
588 3693 719 3758 dietum.
767 3695 809 3758 At
834 3693 913 3759 haee
939 3695 1020 3759 ratio
1046 3693 1296 3785 haudquaquam
1319 3696 1430 3762 verisi-

356 3808 443 3873 milis
474 3819 539 3886 est,
570 3806 853 3897 depopulabantur
877 3808 909 3871 in
933 3807 1047 3872 ultimo
1065 3807 1176 3887 Latio,
1198 3828 1265 3875 non
1287 3822 1355 3874 erat
1374 3831 1431 3874 our

358 3920 497 3986 dictator
516 3919 690 3998 diceretur,
715 3921 772 4010 qui
791 3931 855 3984 tam
875 3918 971 3985 facile
988 3943 1055 3985 rem
1078 3923 1295 4011 composuisse
1314 3922 1430 4001 fertur,

360 4045 395 4098 ut
427 4033 467 4098 ad
495 4034 592 4099 finem
623 4056 671 4131 res
695 4045 776 4098 esset
794 4033 948 4123 perducta
971 4035 1020 4100 vel
1041 4048 1114 4101 ente
1135 4047 1246 4102 retum
1265 4037 1429 4113 solutum,

361 4146 448 4237 quod
479 4148 561 4214 inter
593 4146 730 4213 mediam
755 4145 993 4215 dimicationem
1025 4150 1174 4240 suscepit.
1221 4149 1336 4241 Neque
1362 4161 1434 4215 crat.

389 4422 409 4489 ¹)
428 4422 490 4486 Peg.
515 4427 557 4472 24.
628 4418 649 4488 2)
667 4423 723 4471 Liv.
748 4424 810 4474 VII.
836 4428 882 4482 283
907 4424 981 4474 Diod.
1002 4425 1052 4475 Sic.
1072 4424 1147 4475 XVI.
1167 4428 1198 4474 66
1207 4447 1213 4484 ;
1238 4424 1362 4483 Cassiod.;
1381 4425 1432 4474 An.

354 4511 431 4571 Nor.;
448 4509 516 4559 Fast.
535 4508 585 4561 Sic.
657 4503 678 4573 ὅ)
695 4509 752 4558 Lir.
772 4509 834 4559 VII.
854 4513 895 4558 28.
