3154 5294
321 457 378 521 174
560 473 587 523 o.
608 471 710 516 raarns
731 469 847 524 sicma,
870 469 1040 515 msromcas
1060 451 1137 533 (36)·

368 650 524 717 Rotbiem
542 663 669 717 secutus
690 649 802 716 ultima
819 649 874 714 illa
890 649 979 715 nolui
996 649 1095 714 Fabio
1111 648 1286 737 abnegare,
1303 665 1385 737 quae

326 777 412 831 arcte
432 763 603 831 cohaerent
622 787 696 844 cum
713 764 992 854 praecedentibus3
1008 777 1118 830 contra
1134 760 1359 828 Lachmannus
1373 772 1383 809 ¹

323 876 407 942 male
430 877 548 942 Pictori
574 878 704 956 tribuit,
731 901 815 968 quae
833 878 930 944 etiam
952 889 1104 967 sequente
1124 875 1253 942 Eusebii
1272 873 1388 964 pagina

324 991 491 1079 leguntur,
525 990 611 1057 unde
638 989 769 1057 deduxit
797 991 923 1058 Livium
951 1014 988 1056 er
1012 991 1136 1057 Pictore
1156 1010 1266 1080 regum
1289 986 1389 1052 alba-

324 1126 437 1169 norum
467 1105 580 1170 seriem
610 1105 818 1195 descripsisse.
866 1105 950 1171 Fieri
973 1114 1079 1195 potest
1102 1103 1233 1195 quidem
1255 1112 1292 1167 ut
1311 1099 1390 1164 baec

299 1216 408 1307 apud
439 1218 573 1284 Fabium
606 1220 781 1308 legeretur,
812 1218 867 1285 sed
892 1219 1019 1284 nonnisi
1044 1218 1077 1284 in
1100 1218 1222 1285 diversa
1243 1216 1328 1281 fama
1348 1211 1389 1279 de

324 1328 454 1395 nomine
489 1328 590 1395 Albae
624 1329 753 1419 Longae
784 1330 822 1396 ad
854 1331 954 1398 nostri
983 1331 1206 1397 auctoritatam
1235 1336 1390 1420 provocat

325 1439 493 1507 Diodorus.
549 1440 650 1509 Recta
687 1456 793 1510 autem
827 1443 995 1510 contendit
1031 1442 1156 1509 Livium
1194 1466 1231 1508 ex
1265 1440 1390 1506 Pictore

325 1552 463 1617 hausisse
493 1551 534 1617 de
565 1553 646 1623 ttba
672 1558 715 1621 30
742 1554 832 1620 annis
851 1566 924 1645 post
944 1554 1108 1620 conditam
1128 1552 1311 1629 Lariniam3
1335 1548 1390 1616 sed

325 1663 404 1730 haec
423 1662 561 1753 vulgaris
580 1664 663 1730 sama
685 1664 770 1755 apud
789 1664 960 1754 plerosque
980 1664 1144 1730 ferebatur
1163 1663 1285 1753 opinor.

369 1776 502 1843 Fluctus
532 1777 565 1843 in
596 1777 748 1868 simpulo,
783 1789 818 1842 ut
847 1777 975 1855 dicunt,
1003 1777 1151 1843 excitarit
1175 1775 1389 1842 Harlessius²

325 1889 366 1956 de
387 1888 449 1955 boc
474 1888 672 1980 fragmento,
696 1890 776 1955 nolo
796 1889 880 1981 quod
902 1890 1015 1956 dixerit
1037 1889 1172 1955 Fabium
1194 1888 1234 1954 de
1255 1887 1388 1953 Ascanio

324 2001 387 2068 boc
406 2001 578 2091 scripsisse,
598 2002 684 2092 quod
704 2026 738 2068 re
753 2026 824 2069 vera
839 2003 879 2069 de
896 2002 1002 2069 Aenea
1021 2002 1209 2080 tradiderat,
1224 1999 1311 2067 aliud
1329 2011 1391 2080 est3

326 2126 436 2180 contra
465 2114 607 2180 Brb'cker
635 2125 648 2161 ³
679 2138 846 2205 perperam
880 2116 971 2181 nobis
1001 2126 1112 2181 auctor
1139 2126 1186 2180 est
1215 2112 1391 2198 sectandum

326 2227 461 2294 Fabium
485 2227 646 2293 conditam
671 2251 739 2293 esse
762 2228 876 2294 Albam
899 2227 938 2293 ab
960 2227 1066 2293 Aenea
1090 2250 1154 2293 non
1175 2226 1216 2292 ab
1238 2225 1390 2304 Ascani03

325 2341 414 2408 locus
438 2363 534 2430 quem
557 2340 708 2430 descripsi
728 2341 777 2407 rel
797 2341 895 2407 semel
915 2341 1075 2431 inspectus
1094 2341 1227 2406 meliora
1247 2337 1389 2404 docebit.

326 2453 436 2520 Redeo
466 2452 506 2518 ad
532 2453 746 2531 Harlessium‚
770 2453 937 2519 contendit
957 2477 1072 2544 nempe
1091 2454 1132 2518 ab
1153 2452 1201 2519 his
1219 2451 1393 2518 abhorrere

328 2580 499 2656 utrumque
531 2566 658 2635 fabulae
687 2589 785 2656 genus
813 2566 853 2632 de
882 2565 993 2634 cadem
1021 2590 1055 2632 re
1075 2566 1162 2658 quod
1183 2565 1392 2653 Dionysius⁴

328 2680 467 2770 scripsit,
496 2677 581 2768 apud
608 2678 696 2745 hunc
723 2681 807 2744 enim
836 2679 970 2769 legimus
994 2679 1132 2746 Aeneam
1154 2678 1309 2747 audivisse
1329 2699 1394 2742 nu-

328 2792 423 2858 minis
453 2811 562 2856 rocem
595 2814 612 2856 e
637 2791 711 2857 luco
735 2793 853 2871 ricino,
876 2806 931 2859 aut
952 2793 1124 2859 somnianti
1143 2792 1192 2857 illi
1214 2815 1280 2857 esse
1299 2790 1393 2855 obla-

328 2918 411 2985 tam,
435 2904 492 2994 qui
512 2904 636 2970 iuberet
656 2928 720 2995 quo
742 2906 814 2971 loco
837 2930 887 2972 sus
906 2918 1071 2998 pepererat
1090 2904 1212 2974 etiamsi
1233 2928 1297 2969 non
1316 2904 1394 2994 pul-

328 3018 406 3083 chro
433 3027 466 3081 et
490 3041 508 3081 a
532 3040 620 3082 mare
640 3017 778 3084 distante
797 3019 909 3085 urbem
929 3019 1080 3098 condere,
1103 3030 1214 3084 contra
1233 3016 1394 3083 Diodorus

327 3130 425 3196 habet
443 3153 561 3196 numen
585 3142 703 3198 retasse
724 3131 803 3196 illud
826 3133 929 3198 iacere
951 3132 1035 3197 inter
1055 3134 1097 3197 30
1116 3152 1225 3196 annos.
1276 3131 1395 3196 Fateor

327 3243 389 3311 hoc
409 3244 540 3310 nomine
560 3244 624 3310 duo
642 3246 762 3310 somnia
784 3244 1041 3335 discrepare,sad
1061 3245 1124 3310 alio
1143 3244 1271 3311 nomine
1288 3243 1394 3309 amice

327 3359 530 3448 conspirant,
554 3379 629 3422 nam
657 3357 816 3423 somnium
836 3358 965 3448 respicit
987 3358 1101 3423 Albam
1121 3378 1185 3422 non
1208 3356 1394 3433 Lavinium,

328 3494 403 3560 ergo
424 3483 529 3535 utrum
553 3493 670 3535 numen
690 3470 844 3536 addixerit
856 3470 1026 3536 Lavinium
1045 3470 1183 3536 condere
1201 3491 1317 3552 necne,
1342 3491 1395 3535 se-

328 3582 470 3649 cundum
500 3595 669 3674 utramque
696 3582 812 3649 famam
832 3585 1049 3675 praesagiebat
1068 3585 1123 3650 illa
1144 3608 1202 3649 ror
1222 3594 1294 3673 post
1315 3582 1396 3648 toti-

328 3696 401 3762 dem
425 3719 543 3773 annos,
566 3709 645 3786 quot
665 3698 789 3786 porculi
806 3710 928 3776 essent,
952 3698 1082 3765 alteram
1104 3696 1215 3763 urbem
1237 3694 1396 3761 maiorem

328 3807 489 3876 conditam
511 3806 550 3872 iri
570 3807 603 3872 in
623 3806 694 3873 loco
715 3807 870 3875 uberiore.
917 3807 985 3874 Nec
1004 3808 1097 3874 aliter
1116 3806 1250 3885 accidit,
1272 3829 1397 3873 conre-

328 3921 375 3987 nit
404 3942 479 4008 ergo
507 3916 566 3983 hoc
591 3941 662 3984 cum
686 3918 847 3986 Ciceronis
871 3921 1068 3999 testimonio,
1092 3919 1148 3985 ubi
1170 3918 1245 3984 dirit
1266 3919 1299 3984 in
1320 3918 1397 3983 Pic-

328 4034 405 4099 toris
436 4031 563 4098 Graecis
591 4032 759 4098 annalibus
786 4033 924 4099 describi
945 4033 1050 4099 omnia
1072 4033 1196 4100 Aeneae
1215 4030 1397 4098 secundum

329 4146 470 4236 quietem
500 4145 564 4210 risa
594 4167 678 4224 esse,
709 4169 792 4236 quae
817 4146 916 4213 abeo
937 4159 1022 4236 gesta
1044 4159 1137 4227 sunt,
1161 4168 1308 4237 quaeque
1327 4144 1399 4211 illis

327 4258 531 4337 acciderunt3
555 4257 616 4323 hoc
636 4280 709 4348 ergo
729 4259 788 4324 sibi
808 4260 925 4341 voluit,
951 4259 1037 4350 quod
1059 4259 1145 4325 κατὰ
1162 4261 1214 4325 τὸν
1231 4258 1322 4325 ὕπνον
1344 4258 1397 4323 ri-

358 4516 378 4586 ¹)
396 4521 418 4570 1.
438 4523 479 4568 51.
532 4513 740 4585 ²)Pag.3sqq.
793 4515 971 4585 bracara.
1023 4515 1145 4585 ⁴)1.5o.
