3212 5294
346 416 367 516 §i
379 436 408 496 3.
429 451 605 496 rnacnnnra
618 452 656 494 nx
669 452 764 495 arenis
776 452 813 495 ne
825 453 893 496 runa
905 452 1080 503 ronrrrrcra.
1189 436 1249 498 205

274 630 324 694 16.
355 627 454 695 Dialis
481 628 598 694 cotidie
623 628 755 695 sestatus
780 642 836 696 est.
886 633 937 695 17.
968 628 1044 695 Sine
1069 631 1159 721 apice
1186 633 1244 696 sub

274 742 347 808 diro
360 767 426 809 esse
444 743 568 810 licitum
584 767 648 809 non
667 756 728 809 est:
745 744 803 808 sub
823 755 922 822 tecto,
941 743 1092 810 utilibet.
1119 750 1169 811 19.
1183 746 1245 810 ua-

273 857 373 922 rinam
406 858 564 923 fermento
593 857 750 923 imbutam
780 859 934 946 attingere
961 858 989 922 ei
1013 856 1059 922 las
1094 882 1159 923 non
1189 871 1245 925 est.

275 973 328 1037 20.
354 971 507 1037 Tunicam
530 971 689 1050 intimam,
710 971 770 1036 nisi
788 972 820 1035 in
840 972 917 1036 locis
935 972 1042 1050 tectis,
1058 994 1123 1036 non
1141 973 1245 1050 eruit,

273 1106 312 1148 ne
331 1085 390 1149 sub
416 1084 520 1163 coelo,
550 1096 712 1176 tamquam
743 1084 802 1149 sub
831 1084 930 1150 oculis
949 1085 1047 1163 luris,
1071 1085 1175 1151 nudus
1196 1087 1246 1153 sit.

275 1199 326 1261 21.
360 1195 464 1288 Super
494 1199 654 1263 flaminem
687 1198 809 1262 Dialem
841 1198 873 1262 in
903 1198 1063 1278 condrio,
1099 1199 1159 1263 nisi
1194 1223 1247 1265 ren

274 1309 485 1390 sacrificulus,
502 1310 588 1376 baud
605 1310 775 1402 quisquam
793 1310 873 1375 alius
890 1310 1059 1378 accumbit.
1092 1315 1146 1377 22.
1160 1312 1246 1378 Uro-

276 1446 340 1488 rem
371 1424 397 1488 si
424 1424 541 1503 amisit,
573 1424 716 1490 flaminio
746 1424 882 1490 decedit.
930 1428 981 1490 23.
1006 1423 1245 1490 Matrimonium

275 1536 426 1615 flaminis,
449 1537 510 1602 nisi
532 1537 773 1615 morte,dirimi
792 1560 856 1602 non
875 1536 996 1602 estius.
1030 1539 1083 1602 21.
1108 1536 1245 1618 Locum,

274 1649 306 1712 in
332 1671 396 1738 quo
423 1648 553 1714 bustum
580 1661 642 1728 est,
673 1672 848 1741 numquam
864 1649 1054 1738 ingreditur:
1086 1654 1139 1717 25.
1160 1675 1246 1716 mor·

277 1773 365 1828 tuum
393 1785 568 1854 numquam
598 1763 740 1853 attingit:
765 1764 861 1829 funus
886 1775 992 1828 tamen
1021 1763 1150 1853 exsequi
1182 1787 1245 1829 non

276 1887 321 1940 est
354 1875 474 1964 religio.
534 1880 586 1941 26.
621 1876 761 1942 Eaedem
790 1876 890 1941 sermo
917 1877 1128 1942 caerimoniae
1158 1891 1246 1955 sunt,

275 2011 351 2078 quas
386 1990 559 2056 flaminicae
597 1988 704 2054 Diales
742 1990 872 2056 seorsim
908 1990 997 2054 aiunt
1036 1989 1245 2056 obserritare:

276 2106 328 2168 27.
346 2101 443 2168 veluti
464 2114 524 2167 esta
548 2102 634 2193 quod
652 2103 734 2168 bene
753 2114 829 2167 nato
851 2104 1009 2192 operitur:
1031 2106 1084 2171 28.
1105 2115 1137 2168 et
1158 2105 1245 2194 quod

276 2216 307 2279 in
327 2215 391 2280 rica
413 2216 574 2282 surculum
603 2215 643 2281 de
669 2216 780 2281 arbore
796 2216 883 2281 felici
902 2216 1014 2293 habet;
1038 2219 1090 2281 29.
1109 2228 1141 2281 et
1158 2217 1245 2306 quod

274 2327 388 2406 scalas,
426 2328 487 2393 nisi
517 2351 599 2418 quae
630 2327 769 2394 Graecae
802 2327 988 2416 [anianum]
1025 2326 1246 2417 appellantur,

274 2440 441 2506 escendere
478 2441 507 2506 ci
542 2441 615 2530 plus
649 2442 748 2507 tribus
783 2440 932 2531 gradibus
965 2440 1147 2530 religiosum
1185 2455 1247 2507 est:

279 2556 330 2619 30.
347 2566 444 2644 atque
460 2556 556 2619 etiam
573 2576 645 2619 cum
666 2556 690 2620 it
708 2554 745 2620 ad
767 2556 899 2643 Argeos,
920 2553 1005 2644 quod
1027 2576 1132 2645 neque
1149 2557 1247 2620 comit

275 2678 388 2756 caput,
411 2690 516 2757 neque
540 2667 693 2758 capillum
718 2667 859 2758 depectit
885 2680 906 2732 ¹.

228 2777 300 2844 lure
320 2779 460 2845 dubitari
477 2792 602 2870 potest,
623 2792 729 2846 utrum
751 2779 865 2846 ultima
885 2778 997 2845 inde'a
1020 2784 1037 2866 §
1055 2784 1098 2848 26
1119 2804 1154 2847 ex
1175 2781 1247 2847 Pic-

179 2904 252 2958 tore
272 2891 437 2973 babuerit,
466 2917 540 2959 narn
558 2893 619 2958 alia
641 2893 742 2959 forma
762 2894 830 2958 istis
850 2905 912 2972 est,
941 2916 1000 2958 nec
1020 2906 1126 2959 tamen
1147 2896 1247 2960 ausim

179 3029 218 3070 ea
240 3005 338 3070 llabio
364 3006 560 3083 abiudicare,
584 3029 658 3071 nam
679 3028 736 3070 cur
756 3030 820 3072 non
842 3006 1049 3072 caerimonias
1069 3008 1248 3074 flaminica·

178 3142 253 3185 rum
274 3118 488 3209 descripsisset
508 3119 582 3197 ille,
613 3141 715 3208 aeque
745 3142 781 3184 ac
811 3120 972 3185 flaminem
1000 3143 1081 3210 quae
1103 3135 1247 3210 spectant

178 3233 398 3311 enumerarit3
428 3232 566 3322 denique
589 3231 727 3297 editores
749 3231 843 3296 nimis
866 3232 1017 3297 audacter
1041 3231 1247 3298 haecomnia

181 3360 346 3436 tamquam
376 3370 413 3411 er
438 3346 536 3411 Fabio
555 3344 711 3434 descripta
731 3343 909 3410 ediderunt.
957 3344 1025 3410 Nec
1048 3357 1246 3412 tamencum

179 3459 317 3524 Kreusio
346 3462 517 3545 §19-30
544 3458 698 3523 Massurio
724 3458 904 3536 tribuerim,
928 3481 1001 3522 nam
1025 3481 1124 3524 nexus
1154 3440 1252 3525 docet*

180 3585 307 3638 tantum
337 3575 354 3657 §
379 3578 418 3639 18
449 3572 524 3635 huic
553 3571 681 3649 deberi,
711 3570 767 3635 ubi
793 3571 826 3635 in
847 3570 960 3635 mediis
980 3572 1050 3635 istis
1069 3573 1248 3661 praeceptis

179 3685 326 3751 Massurii
343 3685 435 3752 affert
456 3685 671 3751 testimonium
687 3683 724 3749 ad
745 3684 946 3775 probandum
963 3708 1054 3749 usum
1073 3684 1170 3775 apicis
1188 3685 1247 3749 sub

182 3809 269 3863 tecto
295 3821 360 3864 non
383 3797 507 3888 pridem
529 3822 545 3863 a
564 3797 772 3889 pontificibus
797 3820 862 3862 esse
883 3799 1110 3875 constitutum,
1135 3810 1166 3862 et
1186 3798 1248 3863 alia

184 3910 340 4001 quaedam
364 3910 505 3990 remissa,
529 3910 726 4001 gratiamque
746 3907 869 3996 aliquot
891 3908 1154 3973 caerimoniarum
1179 3909 1247 3973 lac-

183 4034 247 4088 tam
273 4023 361 4088 dicit.

230 4135 376 4201 Vidimus
406 4136 528 4200 flamini
559 4136 742 4226 religiosum
772 4157 837 4200 esse
865 4133 1100 4211 iusiurandum,
1131 4156 1195 4225 quo
1224 4136 1249 4199 si

184 4260 289 4314 tamen
321 4271 400 4339 opus
430 4261 525 4326 esset,
555 4249 618 4313 alio
645 4248 742 4313 modo
764 4245 921 4313 reteribus
942 4269 1038 4337 quam
1056 4248 1251 4313 nostratibus

211 4496 232 4564 ¹)
250 4497 316 4549 Gall.
334 4498 368 4548 X.
390 4503 429 4547 15.
