3194 5302
298 474 327 516 Vl
708 474 963 517 annonario.

339 658 485 720 ‘Saccessn
505 676 562 720 non
579 659 673 721 carnit
690 662 763 740 qaod
780 677 957 738 susceperam
972 659 1129 737 nepotinm,
1145 668 1171 720 ct
1181 659 1254 739 qaod
1264 678 1376 738 caspen-

309 776 372 831 tare
392 771 440 831 aia
461 789 550 832 ansas
571 790 666 845 mam,
694 770 1008 850 honorificentissimam
1028 772 1063 831 de
1083 790 1142 831 meo
1163 771 1294 831 tirocinio
1314 771 1381 832 talit

308 882 476 942 sententiam
498 882 691 943 erabilissimas
714 882 790 942 Ordo
810 881 986 947 Litterarum
1007 882 1215 943 Hnmanioram
1236 889 1263 942 ct
1284 882 1382 943 Plcilo·

306 991 424 1070 sophiae
452 993 631 1055 Tbeoreticae
656 994 687 1054 in
712 994 865 1054 Academia
892 992 1183 1066 libano-Traiectina,
1212 993 1315 1073 qnippe
1335 993 1383 1053 cni

306 1102 384 1164 aisas
416 1122 497 1165 eram
526 1104 617 1182 plara
648 1111 675 1166 et
702 1104 821 1165 meliora
852 1104 963 1165 dedisse
991 1123 1075 1184 paam
1098 1104 1307 1183 postulaverat,
1338 1105 1381 1165 ila
1443 1163 1445 1170 .

305 1220 338 1274 at
367 1232 455 1275 aaron
482 1215 611 1294 praemio
639 1215 812 1295 competitori
839 1221 992 1294 praerepto
1022 1223 1125 1277 ornata
1155 1216 1247 1296 faerit
1275 1214 1381 1294 Dispo-

307 1327 378 1388 latio
397 1345 469 1388 mea.

349 1438 461 1500 Stabiis
491 1437 665 1501 Academicis
696 1439 812 1501 tandem
841 1439 928 1518 finan
953 1436 1120 1516 impositam
1144 1455 1202 1499 non
1228 1436 1280 1496 dia
1307 1437 1381 1498 mibi

307 1543 592 1628 airnarnspioiendam
618 1557 681 1615 arat
701 1557 900 1629 arpnmcntam
920 1549 1137 1613 Dissertationis
1158 1548 1317 1611 litterariae
1337 1549 1380 1608 in·

306 1663 478 1741 aapnralis,·
499 1667 525 1723 ct
546 1663 605 1723 iam
625 1663 671 1736 id,
693 1664 767 1743 qaod
788 1662 855 1723 baia
872 1661 1014 1729 scribendi
1030 1660 1128 1738 penori
1149 1660 1262 1738 saepias
1282 1660 1381 1720 aadici

307 1773 484 1847 allicientes,
523 1772 605 1852 lonpe
636 1775 755 1835 rneliora
786 1776 849 1854 fore
882 1772 1044 1852 Specimna
1074 1771 1278 1849 inaapnralia‚
1310 1789 1383 1849 qaae

309 1904 395 1965 paam
415 1886 529 1965 dmoni
548 1893 678 1947 coctores
699 1886 905 1965 mesonma,
927 1884 1004 1949 caris
1024 1883 1156 1945 secandis
1170 1882 1249 1944 baad
1265 1884 1381 1962 frastra

308 1998 463 2070 adbibitis,
495 1997 547 2059 boo
572 1998 690 2077 inpnnm
715 2005 815 2059 contra
840 2016 885 2059 mo
910 2015 968 2059 rton
991 2014 1072 2074 possa
1096 1994 1221 2074 torqueri
1241 1994 1379 2066 sciebam,

306 2108 389 2173 sind
408 2109 535 2173 libellam
551 2110 588 2170 ab
610 2109 715 2171 alionis
734 2109 877 2177 indicibas
893 2108 1044 2188 probatam
1063 2113 1198 2187 paartam
1219 2106 1251 2168 in
1270 2123 1379 2167 anniam

308 2221 462 2300 repositam
481 2239 559 2281 nnnc
578 2221 711 2283 redirem.

244 2312 255 2335 ‘
346 2333 413 2393 Non
444 2350 513 2410 opas
544 2339 585 2393 cst
612 2333 723 2404 dicere,
757 2333 822 2395 licet
849 2330 1009 2393 liberiorem
1034 2329 1196 2407 arpamcnti
1222 2327 1381 2406 dispositio-

306 2462 371 2505 nem
398 2443 472 2504 milri
500 2443 633 2521 eliperem
661 2451 688 2503 et
715 2444 824 2504 maiore
848 2443 996 2505 doctrinae
1021 2439 1187 2501 maturitate
1212 2458 1247 2500 ac
1266 2438 1382 2500 meliore

307 2553 412 2617 nimam
444 2554 645 2619 concitatione
674 2555 831 2615 instructas
855 2571 957 2625 essem,
982 2559 1099 2630 propter
1126 2550 1202 2612 iliad
1228 2550 1322 2629 ipsam
1348 2549 1381 2609 ia

307 2665 415 2726 maltos
444 2683 488 2724 ene
518 2664 653 2726 incidisse
678 2664 871 2743 difficultates.
919 2663 1028 2735 Malta,
1059 2679 1131 2741 qaae
1159 2669 1245 2723 crocea
1271 2662 1380 2738 impra-

307 2775 387 2838 denti
413 2777 594 2847 occiderant,
623 2776 719 2837 statim
746 2782 859 2855 reperta
886 2773 975 2854 samia
1000 2773 1032 2832 in
1058 2771 1160 2832 melias
1186 2772 1257 2832 certi
1277 2778 1329 2832 ant
1348 2771 1381 2832 in

309 2887 420 2948 marias
451 2888 601 2957 corrasam·
631 2887 664 2947 in
693 2887 762 2949 aliis
791 2893 890 2949 contra
919 2883 981 2944 alia
1012 2890 1075 2943 erat
1104 2883 1195 2956 ratio,
1226 2901 1295 2944 nam
1322 2889 1381 2943 tam

305 3001 418 3062 densam
446 3000 591 3077 pecorosi,
623 3008 760 3078 quantam
788 2998 866 3059 istnd
893 2995 1056 3059 tirocinium
1082 2995 1167 3056 distet
1193 3013 1212 3056 a
1237 2994 1381 3073 probabili

304 3112 512 3190 disputatione,
532 3112 627 3191 pactis
649 3111 695 3172 lais
715 3110 886 3189 ternporibns
906 3106 1085 3186 postulator,
1107 3125 1253 3187 mensnpae
1273 3106 1381 3167 inceni-

302 3222 357 3284 lem
374 3223 499 3285 laborem
515 3224 654 3302 specimen
672 3231 784 3287 tacitam
800 3220 982 3301 scissemus,
1004 3237 1086 3299 pacta
1103 3219 1231 3280 omnibns
1248 3217 1375 3281 namoris

304 3335 412 3399 diceros
440 3335 609 3399 absotnlam.
649 3335 817 3419 Naronenim
844 3332 974 3411 safficcra
1000 3334 1136 3395 contendo
1160 3332 1269 3397 andam
1288 3330 1377 3408 scrip·

307 3447 481 3520 licaoniam,
506 3467 578 3528 qaae
600 3448 634 3509 in
659 3447 782 3526 sicopolis
807 3446 906 3508 Fabiis
931 3444 1135 3507 ennarerandis
1155 3443 1306 3514 sabsistat,
1328 3448 1380 3505 ant

304 3560 337 3620 in
364 3560 489 3622 aliornm
513 3561 659 3623 erroribns
687 3559 852 3640 refutandis
880 3565 992 3622 tantam
1016 3562 1157 3626 versetur,
1178 3574 1276 3616 nerana
1299 3573 1379 3627 esni,

304 3672 339 3733 in
365 3692 422 3752 qna
449 3674 577 3738 omnibns
605 3673 673 3733 locis
699 3672 810 3750 pariter
837 3670 985 3749 perpensis
1012 3675 1038 3729 et
1064 3668 1104 3731 ad
1131 3683 1250 3729 scarnen
1274 3665 1380 3726 vocatis

307 3783 369 3844 sine
397 3785 444 3847 ira
471 3793 497 3845 ct
525 3784 619 3846 stadio
644 3783 812 3861 collipalnr,
840 3783 909 3862 qaid
936 3801 969 3841 re
993 3799 1062 3841 cera
1082 3778 1149 3840 alirn
1169 3777 1307 3839 acciderit
1327 3778 1380 3838 da·

305 3896 385 3956 cibas
411 3895 510 3957 Fabiis
538 3903 589 3959 aat
610 3896 647 3961 iis
666 3895 879 3974 promentibus,
900 3893 969 3973 aad
990 3893 1103 3955 ornttino
1123 3907 1180 3949 non
1202 3889 1239 3949 ab
1258 3889 1296 3949 iis
1316 3906 1380 3966 per·

301 4014 446 4086 patratam
465 4008 571 4087 faerit,
594 4015 620 4068 et
639 4026 696 4087 aaa
716 4008 748 4068 in
768 4026 800 4067 re
813 4004 1011 4068 aberraverint
1030 4010 1090 4065 tarn
1107 4001 1154 4062 illi
1172 4001 1230 4079 ipsi
1246 3999 1280 4060 in
1295 3997 1380 4061 roboas

304 4119 439 4197 spondis,
468 4126 528 4183 tarn
557 4118 686 4180 bistorici
712 4119 744 4178 ia
768 4117 853 4179 rebas
881 4114 1064 4177 marrantiis.
1103 4113 1168 4175 lam
1190 4110 1377 4172 classicorum

305 4232 464 4293 testimonia
481 4231 715 4310 antiqnitntisqne
728 4236 907 4295 monomenta
921 4227 1074 4291 stadiosias
1091 4224 1188 4289 adbao
1204 4222 1278 4284 mibi
1295 4226 1378 4285 mant

303 4343 463 4420 collipcnda
481 4349 506 4403 et
523 4342 687 4409 accarctias
704 4341 893 4423 adplicando,
914 4358 965 4405 osec,
981 4339 1078 4403 minas
1090 4335 1279 4403 recentiorum
1289 4350 1377 4412 opera

304 4472 338 4515 aa
360 4453 529 4529 sententiae,
549 4472 622 4534 qaae
642 4471 733 4516 meam
754 4460 876 4534 spectent
893 4458 1107 4532 arpansentam,
1128 4444 1297 4527 atttpmnas
1311 4464 1377 4526 par·
