3194 5302
684 435 705 516 5
726 434 754 496 4.
777 450 881 494 rnrnus
902 444 998 493 rania.

717 647 744 693 c.
770 645 861 693 rutro
885 642 914 691 c.
937 645 965 692 r.

743 759 818 807 Fau.
841 757 950 807 scarr.

733 860 736 865 ⁴
775 871 923 918 causum.

768 984 928 1031 aucusro.

364 1077 404 1143 dt
434 1099 548 1169 respuo
576 1077 669 1142 istam
697 1075 953 1166 inscriptionem,
985 1097 1068 1164 quae
1089 1077 1164 1141 licta
1185 1085 1284 1140 estet
1305 1097 1384 1140 con-

317 1192 392 1256 flata
421 1191 461 1255 ad
490 1190 598 1256 locum
630 1188 775 1255 Suetonii
804 1187 1030 1280 explicandum
1063 1189 1199 1269 scilicet;
1230 1188 1275 1254 nil
1297 1186 1384 1253 aliud

316 1316 540 1394 praeterquam
562 1302 614 1369 cui
632 1303 677 1368 rei
697 1325 777 1392 opus
798 1313 865 1368 erat
885 1303 917 1368 iu
937 1302 997 1367 ista
1017 1301 1151 1391 legitur3
1174 1303 1240 1368 duo
1259 1311 1385 1367 tantum

318 1441 354 1481 ex
373 1416 495 1506 ingenti
510 1417 666 1506 farragine
686 1415 937 1506 Inscriptionum
953 1414 1139 1480 Latinarum
1159 1415 1295 1506 proferri
1310 1436 1384 1503 pos·

318 1541 391 1593 sunt
408 1528 550 1620 exempla
572 1528 710 1619 duplicis
729 1529 844 1607 tribus,
869 1551 1006 1619 quorum
1023 1544 1148 1594 unum¹
1171 1528 1385 1620 spernendum

318 1653 381 1721 est,
406 1641 490 1706 male
524 1641 600 1707 olim
623 1641 817 1733 descriptum
838 1654 905 1710 crat
925 1654 956 1709 et
974 1641 1102 1732 plenius
1121 1642 1184 1707 alio
1205 1641 1278 1707 loco
1301 1655 1313 1691 ²
1335 1640 1383 1705 le-

316 1754 402 1846 gitur
426 1755 541 1821 omisso
565 1756 694 1822 nomine
718 1756 819 1821 tribus
842 1755 975 1836 Fabiae3
1003 1755 1168 1821 alterum³
1191 1778 1265 1822 vcro
1287 1752 1385 1818 babet

317 1886 394 1934 artu.
425 1887 515 1946 utu,
548 1868 605 1933 ubi
632 1891 832 1960 summopere
860 1868 975 1935 dubito
1001 1868 1158 1934 debeatne
1183 1868 1316 1957 cogitari
1345 1866 1386 1932 do

319 1982 406 2048 tribu
437 1980 579 2060 Galeria,
611 2004 684 2047 narn
720 1982 830 2048 Gallus
858 1982 909 2047 rel
938 1981 999 2046 tale
1026 1980 1104 2071 quid
1129 1980 1248 2071 expleri
1268 1990 1386 2070 potest.

318 2095 465 2185 lienique
494 2096 638 2185 suspicor
669 2095 800 2161 nomina
828 2096 888 2161 ista
920 2118 958 2160 ex
983 2095 1126 2185 margine
1156 2093 1334 2185 irrepsisse,
1367 2119 1385 2159 a

319 2209 438 2275 lectore
468 2207 597 2274 aliunde
625 2209 741 2298 petita,
765 2210 818 2274 cui
842 2208 939 2275 libuit
966 2208 1115 2299 supplere
1136 2207 1304 2273 tribulium
1326 2231 1386 2273 no·

317 2323 421 2400 mina,
450 2321 527 2387 hinc
553 2321 696 2389 diuersae
722 2323 825 2388 tribus
846 2322 982 2401 mentio,
1004 2346 1079 2388 nam
1093 2321 1137 2395 ¹in
1154 2343 1268 2411 magua
1294 2321 1385 2411 copia

317 2435 578 2526 inscriptionum,
602 2458 685 2526 quae
704 2438 884 2526 Augustum
904 2446 1063 2526 spectant,
1083 2435 1157 2500 satis
1168 2435 1284 2501 mirum
1297 2432 1386 2499 ride·

318 2562 369 2614 tur
378 2597 389 2630 ,Ι
411 2549 498 2639 quod
519 2549 616 2615 semel
633 2561 757 2615 tantum
778 2550 915 2640 duplicis
935 2549 1036 2614 tribus
1055 2548 1175 2613 mentio
1190 2559 1271 2613 esset
1287 2546 1385 2625 facta3

321 2684 403 2753 quae
431 2662 512 2727 ratio
541 2664 568 2727 si
597 2686 669 2728 rora
702 2676 799 2741 esset,
829 2662 863 2727 in
894 2662 1048 2728 sexcentis
1077 2660 1257 2751 adoptionis
1278 2682 1385 2726 exem·

319 2776 382 2865 plis
402 2797 468 2839 non
488 2776 587 2841 latero
606 2775 760 2866 potuisset
781 2775 910 2866 opinor;
935 2798 1031 2866 porro
1052 2775 1077 2840 si
1092 2773 1250 2864 adoptatis
1276 2773 1385 2839 licuis-

319 2900 366 2952 set
392 2888 425 2951 in
450 2887 573 2952 duabus
595 2888 742 2954 tribubus
763 2887 949 2978 suffragium
970 2888 1070 2967 ferre,
1094 2887 1126 2951 in
1146 2886 1386 2977 quaestionibus

320 3000 360 3065 de
391 3001 514 3066 ambitu
542 2999 637 3066 huius
666 3002 805 3067 instituti
833 3001 954 3067 mentio
981 3001 1066 3065 facta
1092 2999 1217 3077 luisset,
1241 3023 1315 3064 nam
1333 3022 1385 3063 ur·

319 3115 433 3180 denter
459 3114 511 3179 isti
540 3115 701 3181 ambitiosi
729 3115 816 3180 illam
837 3115 1044 3204 arripuissent
1064 3113 1236 3190 rationem,
1261 3124 1293 3177 et
1312 3135 1385 3176 mox

320 3229 370 3294 lex
391 3227 431 3293 de
452 3250 489 3293 ea
509 3251 543 3294 re
561 3229 709 3295 cavisset:
733 3252 774 3295 ne
795 3229 860 3293 duo
882 3228 922 3293 ob
944 3250 1008 3293 uno
1028 3226 1206 3316 eodemque
1226 3225 1387 3292 ferrentur

319 3341 474 3430 suffragia.

536 3504 553 3585 §
579 3507 609 3567 5.
656 3499 765 3567 Sacra
785 3501 961 3589 gentilicia
985 3498 1176 3566 Fabiorum.

365 3680 480 3760 Priscis
509 3680 793 3748 Romanisrevera
818 3681 959 3772 patriciis
982 3680 1072 3748 cordi
1101 3681 1197 3746 fuisse
1226 3700 1386 3745 sacrorum

321 3816 429 3857 curam
450 3793 483 3857 in
507 3793 617 3883 vulgus
638 3806 750 3861 notum
773 3806 835 3874 est;
858 3794 1031 3861 admodum
1045 3795 1185 3886 religiosi
1201 3805 1291 3860 erant
1307 3791 1387 3875 Qui·

321 3905 411 3984 rites,
445 3906 501 3995 qui
532 3908 655 3972 etiamsi
685 3908 775 3973 abusi
802 3921 875 3974 sunt
896 3930 1139 3998 nonnumquam
1160 3906 1255 3973 rebus
1276 3906 1385 3983 sacris,

322 4019 452 4108 quando
473 4019 510 4083 iis
530 4044 547 4086 e
569 4022 734 4111 republica
754 4021 875 4086 scilicet
894 4044 960 4086 esse
976 4020 1150 4100 videretur,
1175 4033 1281 4085 tamen
1299 4041 1386 4084 sum·

319 4154 370 4195 ma
399 4132 518 4222 pietate
544 4145 577 4197 et
603 4134 795 4199 verecundia
819 4134 896 4199 deos
922 4133 1105 4213 coluerunt,
1134 4156 1245 4199 eorum
1265 4132 1386 4198 monita

346 4409 367 4478 ¹)
384 4410 456 4462 orna.
471 4407 840 4475 crpncoccxvrruu.
853 4415 893 4461 ro.
917 4408 937 4477 2)
955 4413 1019 4462 run
1030 4429 1054 4478 p.
1064 4411 1358 4474 ccccxxxvmn.
1365 4417 1392 4465 s.

312 4494 332 4562 ὅ)
350 4498 414 4546 ron.
433 4514 457 4561 p.
476 4495 680 4555 ccccxxxv,
698 4496 731 4546 u.
754 4501 776 4545 t.
