3154 5294
196 491 498 538 murmuremus.
511 477 751 560 aususausssss).
771 477 792 560 ς
803 477 832 539 2.
852 477 1112 550 usamentum.
1155 478 1214 541 129

153 669 223 735 bant
241 671 389 737 eonsules
411 670 534 738 bellum
557 671 767 739 Samniticum
787 673 917 764 gessisse
941 696 1061 764 easque
1091 674 1205 740 trium·

148 781 268 871 phasse,
291 783 478 853 dictatorem
498 784 620 852 dietum
641 809 722 866 esse,
746 788 802 877 qui
823 786 922 853 Ludis
940 788 1092 855 Romanis
1110 811 1204 879 prae·

150 906 240 974 esset,
272 896 346 986 quia
375 895 411 962 L.
441 896 585 964 Plautius
614 910 742 988 praetor
770 900 857 988 gravi
885 899 999 966 morbo
1028 900 1205 992 implicitus

148 1007 265 1098 signum
291 1007 454 1075 mittendis
479 1009 639 1101 quadrigis
664 1011 740 1077 dare
763 1033 828 1076 uon
847 1025 962 1103 posset.
1012 1011 1076 1079 dlii
1094 1026 1206 1080 eontra

148 1120 332 1189 dictatorem
365 1123 443 1189 belli
470 1122 606 1213 gerundi
633 1146 726 1190 causa
754 1124 877 1192 dictum
899 1124 1082 1207 trudebant,
1111 1127 1206 1218 eique

147 1235 227 1302 haud
242 1236 384 1305 modicas
403 1236 482 1304 belli
498 1237 608 1304 laudes
625 1237 860 1305 adscribebant.
889 1240 961 1330 lpse
976 1238 1084 1305 Livius
1101 1251 1205 1308 utram

145 1362 291 1440 sequatur
318 1350 435 1417 lamam
463 1351 612 1443 ambigit,
637 1364 668 1418 et
688 1351 907 1442 queribundus
926 1352 1102 1444 subiungit:
1129 1353 1206 1420 nri·

145 1464 248 1531 tiatam
267 1463 456 1531 memoriam
475 1464 664 1531 funebribus
682 1465 833 1532 laudibus
849 1488 935 1546 reor,
953 1465 1105 1556 falsisque
1124 1468 1205 1534 ima·

142 1577 248 1667 ginum
269 1578 385 1656 titulis,
414 1577 492 1645 dum
512 1577 652 1653 familiae
672 1578 713 1644 ad
734 1603 769 1645 se
792 1601 939 1670 quaeque
958 1578 1078 1645 lamam
1098 1601 1204 1646 rerum

143 1704 296 1781 gestarum
332 1690 558 1782 hunorumque
591 1692 723 1758 fallente
756 1691 923 1759 mendacio
953 1691 1098 1759 trahunt:
1132 1691 1208 1759 inde

143 1818 224 1871 certe
246 1804 447 1896 singulorum
465 1817 553 1896 gesta
573 1816 605 1870 et
623 1804 761 1896 publiea‘
771 1818 981 1873 monumenta
998 1829 1105 1873 rerum
1127 1829 1208 1873 cuu-

21 1908 23 1915 ’
143 1918 239 1986 fusa.''
289 1918 360 1985 llue
389 1919 573 1985 testimonio
601 1920 687 1986 nisus
709 1942 774 1985 nou
803 1919 858 1985 diu
885 1919 1029 2011 ambigo,
1053 1920 1207 1987 memoria

21 2044 22 2097 4
142 2043 231 2097 aucta
267 2043 330 2110 est,
365 2032 456 2122 atqui
488 2032 611 2098 minora
642 2029 840 2111 aecideraut3
879 2030 1020 2100 Cornelii
1049 2031 1206 2099 dictatura

142 2145 273 2233 pesteris
293 2145 339 2211 rei
358 2145 520 2236 gerundae
535 2167 631 2211 naum
646 2143 798 2212 accidisse
814 2143 997 2224 ridebatur,
1015 2144 1114 2212 falsus
1130 2146 1208 2213 titu-

143 2256 188 2323 lus
215 2258 312 2324 traxit
340 2256 623 2324 extraordinarium
654 2259 873 2349 magistratum
894 2257 934 2324 ad
961 2257 1100 2337 bellum,
1121 2259 1208 2349 quud

144 2382 215 2437 tune
236 2369 369 2462 quidem
390 2370 559 2462 gerebatur
590 2370 644 2437 sed
672 2395 690 2436 a
717 2369 902 2436 consulibus
928 2384 958 2451 ¹,
982 2394 1057 2438 nam
1080 2394 1115 2438 re
1136 2396 1208 2438 uera

142 2483 236 2549 ludis
259 2483 398 2574 praefuit
425 2483 612 2565 Cornelius,
646 2483 763 2574 quibus
784 2495 913 2574 praetor
932 2484 1074 2550 Plautius
1098 2508 1208 2553 vacare

143 2619 203 2663 uon
227 2610 347 2688 posset.

537 2942 726 3016 CAPUT
760 2942 807 3017 X.

294 3121 391 3170 curus
414 3121 530 3169 auarus
553 3122 587 3168 u.
610 3121 638 3168 u.
664 3122 695 3170 n.
720 3123 752 3173 u.
776 3122 947 3172 nunusrus
971 3107 1053 3195 (19).

375 3305 393 3387 §
421 3308 449 3367 1.
496 3301 668 3392 Magister
691 3307 837 3392 equitum
863 3307 928 3369 439
953 3316 978 3369 ².

22 3456 24 3471 ζ
135 3486 165 3544 Q.
184 3486 316 3535 FABIUS
332 3487 367 3534 M.
387 3485 415 3532 F.
434 3485 469 3533 N.
488 3485 523 3533 N.
541 3483 714 3534 MAXIMUS
729 3486 928 3535 RULLIANUS
942 3487 1035 3537 DIUI'.
1054 3488 1085 3538 R.
1105 3491 1134 3538 G.
1154 3489 1181 3538 U.

22 3586 23 3599 ¹
135 3571 163 3628 Q.
183 3571 313 3620 AULIUS
331 3571 360 3629 Q.
382 3571 411 3618 F.
430 3569 477 3621 AI.
497 3571 531 3619 N.
552 3570 794 3619 UERREI'ANUS
809 3571 894 3620 MAG.
915 3573 971 3631 EQ.

218 3657 261 3705 IN
276 3654 434 3704 Puouulo
455 3655 598 3704 UUUISUS
614 3656 691 3705 EST.
709 3656 756 3705 IN
770 3657 855 3706 EIUS
871 3659 900 3706 L.
919 3659 948 3708 I'.
967 3658 1039 3706 EST

134 3741 160 3790 0.
179 3743 310 3791 FABIUS
325 3741 363 3789 Μ.
383 3742 413 3789 I'.
432 3742 466 3791 Ν.
484 3741 518 3790 N.
536 3740 724 3790 AMBUSTUS
738 3741 822 3790 MAG.
841 3743 900 3801 EQ.

183 3901 253 3968 lloe
271 3902 429 3991 integrum
449 3901 615 3967 Fastorum
635 3902 851 3968 testimonium
868 3902 942 3968 satis
960 3903 1077 3969 eriueit
1092 3903 1205 3973 Gaium

138 4014 226 4081 iratri
239 4038 298 4080 suo
318 4013 414 4080 fuisse
433 4016 633 4105 magistrum,
657 4026 828 4105 postquam
849 4014 885 4100 Q.
901 4015 1013 4083 lulius
1031 4016 1063 4083 in
1080 4018 1204 4108 proelio

137 4128 260 4195 occisus
288 4138 378 4196 esset.
417 4127 542 4194 decidit
570 4127 651 4193 illud
673 4126 835 4195 Saticulae
856 4141 911 4194 aut
933 4130 1122 4221 paulopost
1145 4130 1203 4198 Sa·

168 4458 188 4527 ¹)
216 4462 256 4515 cf.
283 4463 341 4514 nin
370 4462 434 4515 vn.
461 4461 521 4527 cap.
549 4474 559 4510 1
583 4463 596 4529 s
621 4468 646 4514 4.
802 4461 825 4530 ²)
851 4458 920 4516 uns.
946 4464 1007 4531 usp.
1034 4466 1061 4517 a.
1088 4482 1124 4528 ω
1151 4468 1210 4520 nn.

133 4545 182 4597 ux.
203 4553 241 4599 ω.

1025 4638 1044 4697 9
