3154 5294
413 466 434 547 l
455 470 484 532 3.
505 483 629 531 mercna
650 484 757 529 sennar
779 486 899 530 sicoris
920 471 988 531 450.
1173 470 1231 532 145

164 664 358 742 Samnitico,
392 665 447 754 qui
476 685 588 729 censor
618 664 798 755 insequenti
825 666 927 731 lustro
951 669 1014 731 447
1037 664 1119 730 illud
1141 666 1228 731 loca·

165 778 223 858 rit,
247 778 388 867 denique
407 800 492 843 anno
512 781 576 843 452
596 777 734 843 dictator
755 778 913 846 dedicerit
930 803 968 846 ex
988 780 1075 845 bello
1097 781 1227 870 dequo-

163 915 232 957 rum
255 913 398 958 resersus
420 902 449 969 ¹,
472 892 582 981 paucis
603 890 715 957 diebus
735 905 807 983 post
829 892 1044 983 triumphum3
1069 893 1122 959 hio
1140 894 1227 960 enirn

164 1006 224 1071 fuit
244 1004 293 1070 lll
315 1005 378 1069 lral.
398 1004 539 1084 sextiles,
563 1003 720 1071 dedicatio
743 1028 815 1071 rero
834 1005 920 1071 cadit
939 1007 971 1071 in
992 1007 1075 1098 ipses
1093 1018 1106 1057 2
1127 1028 1227 1071 nonas

165 1120 305 1196 sextiles,
328 1140 394 1183 non
414 1116 517 1209 pridie
536 1141 650 1196 nonas,
675 1130 711 1184 ut
729 1118 860 1185 Fischer
880 1132 893 1170 ³
915 1121 1016 1212 ponit.

209 1231 350 1298 Parietes
378 1242 452 1296 ente
482 1230 717 1297 dedicationem
747 1232 852 1321 pictae
879 1245 968 1312 snnt,
1003 1256 1076 1299 narn
1105 1231 1227 1298 Plinius

167 1347 300 1413 Fabium
329 1343 453 1409 induxit
482 1344 665 1434 pingentem
691 1368 775 1410 anno
795 1350 876 1425 4503
900 1345 962 1410 hoe
981 1369 1078 1435 urgeo
1098 1357 1230 1436 propter

165 1459 286 1525 Valerii
305 1458 414 1524 rerba:
449 1482 470 1523 >t
478 1458 613 1537 Fabius,
637 1460 807 1550 quiquam
827 1460 860 1525 in
879 1458 957 1524 aede
976 1457 1109 1536 Salutis,
1133 1482 1231 1549 quam

166 1573 201 1641 G.
231 1573 341 1639 Iunius
371 1571 535 1637 Bubulcus
565 1571 791 1650 dedicaverat,
820 1572 959 1662 parietes
982 1572 1148 1662 pinxisset,
1171 1597 1232 1638 no-

163 1710 237 1753 men
258 1686 308 1752 his
329 1709 421 1752 suum
441 1685 629 1775 inscripsit.''
666 1684 780 1775 Neque
797 1685 876 1751 mihi
894 1684 1085 1781 persuadere
1100 1709 1231 1775 possum

164 1800 300 1866 Fabium
327 1820 446 1865 nomen
475 1821 568 1864 sunm
596 1798 713 1864 tabulis
739 1799 948 1890 inscripsisse,
978 1797 1065 1888 quod
1089 1798 1231 1866 Valerius

165 1912 292 1980 ridetur
311 1911 485 1990 addidisse,
511 1934 576 2001 quo
596 1911 711 1977 melius
731 1934 906 2003 cognomen
928 1911 1108 2001 explicaret.

209 2026 317 2092 Verbo
338 2024 497 2114 defungar
516 2023 555 2090 de
577 2025 650 2090 loco
671 2024 859 2114 Hieronymi
878 2024 1093 2092 Stridonensis
1114 2038 1144 2107 ⁴,
1167 2051 1233 2118 qno

167 2150 374 2206 memoratum
410 2137 557 2204 »Fabius
585 2138 692 2204 Pictor
720 2139 776 2229 qni
802 2140 902 2227 magis
930 2160 967 2204 ex
990 2139 1115 2228 pictura
1136 2163 1233 2230 quam

168 2277 202 2319 ex
232 2252 347 2318 litteris
374 2252 545 2318 innotuit.'’
593 2251 730 2317 Fallitur
753 2251 808 2316 ille
829 2251 869 2317 de
892 2252 1009 2316 utrovis
1030 2252 1233 2341 cogitaverit,

169 2367 223 2455 qui
253 2365 339 2430 enim
368 2364 492 2456 pictura
512 2364 652 2430 innotuit
672 2388 736 2430 non
760 2363 873 2430 litteris
894 2388 1024 2455 operam
1045 2363 1152 2451 dedit,
1177 2367 1234 2456 qui

168 2503 239 2545 sero
268 2478 398 2545 annales
424 2479 549 2569 scripsit
572 2501 636 2544 non
663 2478 768 2567 pictor
787 2478 858 2545 fuit.
910 2478 1033 2543 lliscuit
1055 2478 1158 2544 bonus
1177 2479 1234 2545 ille

170 2590 246 2657 duos
271 2590 404 2671 Fabios,
436 2591 523 2682 quod
544 2592 577 2656 in
600 2615 638 2657 eo
659 2592 800 2657 excusari
820 2603 942 2683 potest,
967 2593 1057 2659 cuius
1079 2594 1234 2660 memoria

171 2715 215 2768 tot
243 2704 532 2794 complectebatur,
565 2717 601 2770 ut
630 2705 825 2795 Augustinus
854 2718 1039 2773 testaretur:
1075 2707 1232 2773 »nullum

172 2813 330 2884 hominem
356 2819 451 2897 scire,
475 2818 563 2909 quod
588 2819 801 2908 Hieronymus
825 2820 1013 2910 ignoraret.''

574 3125 755 3199 CAPUT
785 3127 834 3198 Π.

346 3304 440 3351 caros
463 3303 581 3351 usuros
605 3303 635 3351 c.
659 3304 688 3352 r.
713 3304 748 3350 ss.
774 3303 804 3350 n.
829 3281 948 3352 moron
974 3286 1057 3373 (26).

526 3454 544 3535 §
572 3454 601 3516 1.
653 3448 778 3516 Consul
800 3456 874 3520 485.

437 3620 459 3670 G.
478 3618 578 3667 FABIUS
597 3619 621 3670 C.
639 3620 663 3669 F.
682 3621 713 3669 Μ.
731 3620 759 3668 Ν.
778 3619 878 3666 PlCTOR
895 3615 914 3668 ⁵.

434 3705 462 3768 Q.
481 3702 622 3752 OGULNIUS
639 3705 666 3754 L.
684 3703 708 3753 F.
728 3704 754 3752 Δ.
773 3704 800 3752 Ν.
818 3703 937 3753 cletus,

212 3837 248 3900 In
266 3845 396 3926 promtu
415 3846 462 3898 est
482 3832 666 3898 coniectura
688 3829 800 3897 Gaium
822 3831 962 3911 huncce,
985 3833 1075 3897 cuius
1094 3855 1232 3923 praeno-

172 3968 239 4013 men
255 3958 379 4014 constat
394 3957 525 4037 propter
541 3946 711 4022 Zonaram,
727 3943 856 4010 fratrem
874 3944 969 4011 luisse
987 3943 1132 4012 Numenii
1144 3947 1231 4036 (27),

173 4061 223 4148 qni
244 4074 358 4152 quarto
382 4083 465 4125 anno
488 4058 622 4150 posted
648 4057 849 4142 consulatum
871 4059 1027 4150 persenit.

197 4275 216 4339 ¹)
230 4279 294 4333 LIV.
318 4276 369 4328 IX.
388 4283 436 4337 30,
457 4283 506 4336 43,
523 4276 559 4326 X.
581 4283 602 4326 l.
694 4273 715 4339 ²)
731 4274 782 4326 Cio.
801 4274 837 4324 ad
852 4272 905 4325 Att.
923 4277 972 4327 IX.
995 4283 1004 4325 l
1028 4279 1090 4340 §l‚
1106 4296 1156 4345 pro
1173 4277 1236 4331 Sest.

170 4364 199 4410 es
222 4365 236 4425 g
262 4370 318 4413 113.
406 4357 426 4425 ὅ)
449 4359 519 4411 Rern.
543 4360 616 4411 Zeita.
639 4377 662 4425 p.
687 4365 729 4410 en.
816 4357 836 4425 ⁴)
856 4358 938 4426 Epist.
956 4360 991 4409 ad
1007 4359 1106 4413 Hettod.
1125 4366 1151 4413 in
1169 4367 1235 4429 cpit.

169 4445 292 4510 Nepotian.
310 4463 375 4498 vers.
393 4448 437 4496 fin.
523 4443 543 4512 ⁵)
560 4445 628 4496 Fast.
647 4447 688 4495 tri.
710 4450 774 4504 4885
797 4445 887 4494 Zoner.
910 4447 987 4496 VIII.
1008 4448 1034 4507 75
1058 4448 1126 4499 Plin.
1145 4447 1181 4499 H.
1196 4448 1230 4497 N

171 4527 293 4584 XXXIII.
311 4539 341 4593 33
359 4533 463 4596 Eutrop.
482 4532 520 4582 Π.
542 4536 585 4592 16;
605 4531 659 4582 An.
677 4530 754 4592 Non,
772 4530 840 4581 nest.
859 4531 909 4584 Sic.

1077 4619 1117 4681 10
