3190 5304
312 444 376 507 080
438 463 466 514 0.
487 449 589 505 rarius
610 462 637 510 o.
659 462 686 505 r.
702 463 735 521 o.
757 462 786 506 u.
807 452 935 505 narinus
956 461 1133 506 rnurnrrnus
1153 434 1229 527 (48).

318 629 439 705 Consul
466 649 476 689 ¹
506 650 637 704 venerat
666 637 748 702 intra
778 636 983 728 paucissimos
1012 635 1080 702 dies
1109 634 1241 727 Delphis
1272 634 1379 718 Petra,

319 775 402 843 quae
425 750 499 817 urbs
525 751 558 816 iu
577 761 687 816 monte
706 749 810 815 Pierio
829 750 863 829 in
884 749 1001 815 finibus
1022 749 1201 817 Thessaliae
1222 761 1254 815 ct
1272 751 1378 818 Mace·

315 865 441 933 doniae.
496 864 580 930 Hinc
603 863 838 954 expeditionem
863 862 1010 928 adversus
1032 862 1251 929 Macedoniam
1272 886 1377 929 susce·

315 978 382 1068 pit,
410 989 537 1068 praetor
561 974 710 1043 Octarius
732 998 805 1042 cum
825 976 925 1042 classe
945 976 1134 1043 Heracleam
1152 988 1262 1066 petere
1278 976 1377 1040 iussus

318 1102 382 1167 est,
411 1088 487 1155 dum
514 1089 548 1156 P.
572 1087 681 1181 Scipio
701 1088 831 1168 Nasica,
857 1089 996 1155 Africani
1015 1112 1126 1179 gener,
1149 1102 1180 1155 et
1203 1089 1239 1174 Q
1261 1089 1377 1156 Fabius

316 1212 421 1267 noster
448 1222 521 1267 cum
546 1204 634 1268 5000
654 1200 793 1266 militum
813 1199 924 1266 ecdem
949 1201 1297 1291 conuenirentspecie,
1320 1202 1376 1268 sed

315 1338 350 1380 re
371 1337 442 1381 rera
463 1313 612 1403 Pythium
634 1313 895 1404 aggrederentur,
919 1335 956 1379 er
975 1313 1146 1379 Plutarcho
1163 1302 1379 1405 apparet'Po·

315 1426 440 1514 lyhium
467 1435 482 1473 ²
511 1427 610 1492 alium
638 1426 777 1492 militum
801 1448 969 1491 numerum
991 1425 1160 1517 scripsisse.
1209 1428 1339 1495 Perseus
1361 1453 1381 1497 a

316 1538 448 1630 perfuga
464 1535 607 1605 cretensi
624 1540 738 1606 certior
752 1538 853 1604 iactus
870 1538 1030 1604 Romanos
1041 1537 1190 1627 Pythium
1203 1538 1378 1621 deflexisse,

315 1651 424 1741 copias
453 1651 615 1742 praemisit
639 1650 679 1716 ad
699 1642 813 1717 saltum
836 1651 1068 1742 occupandum.
1114 1649 1300 1719 Secundum
1319 1654 1383 1720 Po-

315 1763 440 1851 lybium
468 1763 605 1828 Romani
634 1763 667 1828 in
696 1763 754 1829 hos
783 1787 895 1829 somno
922 1787 1087 1856 oppressos
1110 1766 1265 1857 impetum
1292 1767 1379 1833 fece·

315 1888 409 1956 runt,
430 1899 538 1942 rerum
561 1875 751 1942 Plutarchus
772 1900 809 1943 er
831 1876 920 1942 Lirio
940 1878 1061 1968 opinor,
1082 1876 1158 1943 huic
1176 1878 1378 1970 obloquitur,

315 2001 348 2054 et
378 1988 475 2055 tradit
504 1989 681 2056 secundum
708 1990 806 2080 ipsius
834 1989 966 2057 Nasicae
990 1992 1156 2082 epistolam
1180 1978 1323 2060 constare
1345 1995 1380 2059 in

315 2102 391 2193 ipsis
409 2102 527 2168 montis
541 2102 621 2192 iugis
637 2102 816 2192 periculose
838 2126 903 2169 esse
924 2104 1159 2183 conflictatum
1183 2117 1215 2169 at
1234 2127 1292 2171 cur
1313 2130 1378 2173 non

319 2227 492 2307 utrumque
509 2215 591 2280 illud
610 2215 751 2282 accidit?
777 2215 938 2307 Quidquid
950 2229 1012 2297 est,
1037 2216 1188 2306 Pythium
1211 2233 1380 2310 ceperunt,

317 2340 349 2394 et
376 2327 462 2394 haud
484 2329 543 2394 diu
561 2339 634 2419 post
655 2327 696 2393 ad
719 2328 861 2417 Pydnam
882 2342 1065 2422 pugnarunt
1084 2329 1198 2397 Nasica
1218 2345 1250 2398 et
1272 2333 1380 2399 Aemi-

317 2441 439 2521 lianus,
474 2464 537 2532 quo
567 2442 690 2532 proelio
721 2443 851 2509 Perseus
878 2444 980 2509 rictus
1009 2456 1073 2522 est,
1107 2444 1163 2534 qui
1195 2445 1317 2513 Pellam
1347 2459 1380 2512 et

298 2555 434 2622 'deiude
460 2552 680 2646 Amphipolim
705 2577 739 2620 se
761 2554 890 2646 recepit.

361 2669 463 2735 Huius
480 2667 670 2733 laetissimae
691 2667 841 2733 uictoriae
859 2668 989 2733 nuntios
1011 2677 1025 2716 ⁸
1056 2668 1167 2734 consul
1188 2669 1292 2735 statim
1314 2670 1382 2735 Ro·

276 2800 286 2817 ·
315 2802 401 2846 mam
419 2779 504 2844 misit
525 2778 560 2862 Q.
580 2779 715 2845 Fabium
736 2791 879 2845 nostrum
900 2791 933 2845 et
951 2779 987 2846 L.
1006 2778 1181 2847 Lentulum
1200 2805 1237 2850 ac
1257 2783 1292 2866 Q.
1310 2782 1381 2849 Me-

315 2891 444 2968 tellum,
467 2891 524 2978 qui
549 2902 663 2980 quarto
684 2903 755 2980 post
774 2914 914 2982 pugnam
936 2891 988 2958 die
1010 2894 1042 2957 in
1063 2892 1184 2959 Urbem
1209 2908 1381 2975 venerunt,

314 3016 347 3070 et
365 3002 487 3093 populo
507 3002 540 3067 in
560 3002 653 3069 Circo
673 3002 766 3069 ludos
796 3005 952 3094 spectanti
976 3004 1203 3072 nuntiaverunt
1223 3017 1235 3054 ⁴
1256 3031 1379 3101 pugna·

315 3129 385 3182 tum
408 3115 441 3181 in
466 3115 652 3184 Macedonia
674 3132 706 3184 et
728 3140 834 3207 regem
858 3117 1020 3183 devictum
1043 3140 1117 3185 esse.

359 3227 428 3295 Nec
469 3253 543 3295 rero
582 3230 703 3296 Romae
740 3230 854 3297 mansit
890 3230 1100 3311 Aemilianus,
1134 3254 1208 3297 nam
1239 3255 1379 3300 resersus

317 3355 364 3410 est
383 3357 397 3395 ὅ
416 3343 450 3409 iu
469 3343 706 3422 Macedoniam,
730 3355 902 3434 antequam
922 3342 1035 3410 decem
1050 3344 1147 3434 legati
1165 3344 1382 3426 advenissent,

316 3456 465 3547 quicum
488 3457 624 3523 Aemilio
646 3481 695 3523 res
714 3456 933 3523 Macedonicas
954 3457 1145 3523 ordinarent.
1192 3458 1282 3524 Tunc
1302 3461 1380 3525 mis-

315 3593 367 3635 sus
384 3582 467 3636 estu
489 3582 578 3661 patre
599 3569 638 3635 ad
659 3568 873 3659 diripiendum
894 3571 1079 3660 Aeginium,
1098 3570 1185 3661 quod
1207 3571 1379 3637 infinibus

316 3684 406 3773 Epiri
430 3697 462 3751 et
487 3682 665 3749 Thessaliae
686 3683 784 3761 iacet,
810 3682 1018 3773 Agassasque,
1042 3705 1123 3773 quae
1143 3683 1269 3755 duobus
1288 3685 1378 3749 annis

316 3807 390 3862 ante
417 3793 600 3860 societatem
622 3792 758 3859 inierant
780 3814 855 3859 cunr
874 3794 1005 3860 consule
1028 3796 1143 3861 Marcio
1163 3809 1196 3861 et
1215 3818 1302 3861 nunc
1320 3795 1380 3860 de·

317 3892 478 3984 iecerunt3
503 3904 705 3995 Aeginienses
724 3916 779 3969 aut
798 3904 878 3970 salso
899 3905 1010 3971 nuntio
1027 3917 1081 3970 aut
1099 3906 1145 3971 ira
1162 3907 1380 3975 Romanorum

314 4019 468 4086 commoti
490 4017 646 4085 hostiliter
669 4016 842 4082 saevierant
865 4017 898 4082 in
922 4018 1039 4084 milites
1061 4018 1233 4089 Romanos.

348 4133 519 4224 Postquam
536 4133 569 4198 in
587 4132 698 4197 Persea
713 4130 787 4197 satis
802 4130 1073 4199 animadvertisset
1094 4134 1263 4217 Aemilius,
1280 4135 1381 4226 leges·

258 4404 260 4407 ·
343 4407 364 4475 1)
381 4408 437 4459 nu.
453 4407 553 4458 xnrv.
566 4410 610 4457 ss.
646 4402 667 4467 ²)
684 4404 789 4457 xxnr.
805 4411 820 4457 a
836 4423 876 4472 ap.
890 4394 1037 4462 Plue'Aem.
1057 4413 1096 4461 15.
1128 4408 1151 4477 a
1169 4409 1334 4464 niaxmv.
1345 4417 1390 4463 45.

310 4490 330 4560 ⁴)
347 4494 403 4546 Lir.
423 4493 508 4547 XLV.
530 4497 553 4542 1.
604 4486 625 4559 ⁵)
641 4491 697 4545 Lis.
716 4491 802 4546 XLV.
822 4495 866 4544 27.
