3210 5300
342 436 402 498 316
484 455 511 505 o.
533 453 634 497 sauros
655 453 682 504 o.
705 451 733 497 r.
755 454 783 505 o.
805 452 833 496 rr.
854 450 984 496 urxruos
1005 449 1173 498 cosorrron
1194 434 1269 518 (33).

390 631 447 696 Est
466 642 573 696 autem
594 628 686 695 Pabii
706 629 806 695 nostri
824 630 918 697 unica
938 628 1109 710 dictatura,
1133 652 1215 721 quae
1234 630 1407 721 interregni

346 765 440 808 causa
468 742 581 823 fuerit,
613 741 788 808 secundum
818 742 943 821 Pastos3
967 742 1118 833 explicari
1145 754 1249 833 potest
1270 743 1353 809 illud
1371 767 1408 810 ex

344 879 398 935 eo,
422 854 509 944 quod
537 877 619 920 unus
650 853 762 920 consul
791 867 948 932 mortuus,
978 854 1058 920 alter
1081 878 1154 921 vero
1175 868 1260 921 extra
1285 855 1406 922 Urbem

343 980 441 1046 esset,
466 988 524 1032 nec
547 980 654 1033 tamen
683 966 790 1057 negari
817 979 922 1058 potest
941 990 1013 1033 eum
1035 990 1070 1051 re
1092 990 1164 1033 vera
1185 969 1230 1033 rei
1251 967 1407 1058 gerendae

344 1102 436 1145 causa
457 1079 519 1145 hoc
534 1079 781 1146 extraordinario
799 1080 985 1170 magistratu
1000 1079 1148 1146 iunctum
1164 1103 1246 1160 esse;
1264 1083 1289 1145 si
1307 1082 1408 1146 inter·

340 1193 432 1282 regni
461 1214 553 1258 causa
574 1204 697 1258 tanturn
727 1193 831 1258 dictus
859 1194 984 1272 fuisset,
1013 1216 1046 1259 se
1074 1193 1220 1259 abdicare
1246 1193 1406 1260 debuisset

345 1305 478 1372 simulac
505 1306 538 1371 in
566 1305 715 1371 Flaminii
743 1305 849 1372 locum
880 1327 981 1373 noras
1006 1306 1118 1372 consul
1138 1306 1286 1371 suffectus
1308 1318 1405 1386 esset,

344 1417 431 1508 quod
450 1440 513 1483 non
535 1418 664 1496 accidit,
685 1441 760 1484 nam
784 1419 832 1485 rel
850 1418 975 1508 Regulo
995 1420 1123 1485 consule
1152 1419 1283 1485 suffecto
1311 1420 1405 1508 gessit

342 1530 531 1597 dictaturam
550 1531 616 1596 imo
635 1542 726 1621 pater
744 1531 924 1622 appellatus
946 1544 1007 1612 est,
1033 1543 1069 1596 ut
1089 1532 1194 1597 statim
1216 1530 1402 1600 ridebimus.

388 1641 572 1711 Secundum
604 1643 798 1731 Polyaenum
831 1656 843 1694 ¹
875 1645 992 1710 Fabius
1021 1644 1158 1710 dictator
1188 1657 1311 1710 creatus
1344 1657 1406 1723 est,

342 1767 513 1846 postquam
542 1756 770 1848 aliquantisper
795 1757 977 1823 cunctando
1006 1769 1130 1847 tempus
1159 1759 1317 1837 teruisset,
1350 1758 1406 1824 sed

343 1870 449 1959 sperni
476 1882 580 1961 potest
600 1869 679 1936 haec
706 1869 803 1949 fama,
828 1884 862 1936 ut
892 1882 995 1937 cetera
1026 1892 1108 1961 quae
1132 1871 1264 1937 tacticus
1283 1871 1342 1936 iste
1364 1870 1405 1936 de

342 1979 443 2048 Fabio
463 1981 569 2049 habet.

386 2094 471 2160 Ilum
503 2093 664 2160 Hannibal
692 2093 824 2158 consilio
849 2105 973 2160 mutato
1003 2094 1121 2162 Urbem
1153 2096 1193 2161 ab
1224 2095 1285 2161 alio
1314 2108 1405 2187 parte

341 2207 469 2301 aggredi
489 2219 595 2299 parat,
619 2206 731 2273 sedulo
751 2206 869 2272 Fabius
886 2230 973 2274 sacro
993 2208 1094 2275 fertur
1112 2220 1125 2258 2
1144 2209 1273 2288 fecisse,
1297 2231 1404 2275 caere·

340 2312 676 2410 moniasouspiciaque
692 2319 798 2385 omnia
812 2319 957 2410 religiose
974 2319 1167 2400 observasse,
1183 2320 1403 2412 prodigiorum

341 2434 453 2501 seriem
474 2433 533 2499 rite
550 2454 753 2524 procurasse,
777 2431 876 2497 libros
895 2429 1071 2520 Sibyllinos
1086 2435 1139 2524 pie
1156 2433 1281 2499 iussisse
1292 2434 1405 2502 Xriros

339 2547 441 2625 adire,
473 2532 736 2636 ‘supplicationem
765 2542 913 2623 edixisse,
943 2567 998 2610 rer
1031 2567 1153 2610 sacrum
1183 2546 1317 2624 rosisse,
1351 2571 1404 2613 ser

339 2658 533 2726 lectisternia
552 2656 708 2735 stravisse,
733 2657 845 2722 eedem
865 2658 995 2727 Veneris
1012 2658 1169 2747 Erycinae
1187 2659 1307 2726 vovisse
1326 2682 1402 2726 nec·

340 2795 404 2838 non
425 2769 518 2836 ludos
539 2791 670 2859 magnos
694 2770 842 2834 trecentis
869 2770 997 2861 triginta
1025 2770 1125 2837 tribus
1154 2771 1313 2852 millibus,
1337 2783 1403 2839 tre-

340 2882 441 2948 centis
468 2880 597 2969 triginta
629 2878 729 2944 tribus
758 2880 884 2947 triente.
931 2881 978 2946 De
1005 2904 1092 2948 more
1123 2881 1311 2948 Plutarchus
1340 2883 1402 2950 hoc

340 3016 469 3087 quoque
488 3015 524 3059 er
542 2992 632 3057 Livio
651 2991 813 3081 descripsit
832 2993 1018 3074 σηστερτίων
1035 2995 1213 3073 τριακοσίων
1235 2995 1402 3077 τρινίκσντα

337 3113 423 3189 τριῶν
453 3105 505 3172 καὶ
539 3104 682 3187 δηναρίων
708 3106 887 3186 τριακοσίων
913 3104 1080 3186 τρισίιωντα
1103 3112 1190 3188 τριῶν
1219 3106 1264 3172 ἔτι
1298 3130 1401 3191 τριτα-

336 3218 440 3302 μσρίσν
456 3217 635 3300 τρσσίντσς,
654 3229 686 3283 et
705 3229 851 3283 accurate
868 3229 1030 3308 computat
1051 3216 1201 3283 Graecam
1223 3231 1399 3299 monetam,

334 3337 424 3398 τοῦτο
442 3331 477 3396 τὸ
499 3329 674 3413 αεφσίλαιίν
698 3332 781 3396 ἐστιν
806 3332 883 3396 ὀκτὼ
904 3329 1050 3411 progrediar
1067 3331 1216 3412 δραχμῶν
1232 3332 1284 3396 καὶ
1301 3334 1399 3413 drug-

335 3443 394 3522 μαὶ
410 3441 584 3525 τρισχίλιαι
606 3446 810 3508 πεντακόσιαι
832 3444 1021 3521 ὀγδοήκοντα
1042 3451 1124 3524 τρεῖς
1145 3444 1197 3508 καὶ
1215 3444 1265 3508 δύο
1281 3444 1396 3522 ὀβολοί.

336 3556 378 3623 dt
408 3554 566 3620 claudicat
593 3554 805 3644 computatio,
843 3576 914 3620 narn
951 3576 1050 3644 quum
1079 3576 1143 3619 uno
1172 3554 1302 3621 denario
1331 3578 1397 3621 res-

333 3667 478 3757 pondent
512 3671 532 3733 4
561 3666 746 3746 drachmae,
786 3668 951 3753 333333}
985 3666 1135 3732 sestertiis
1167 3670 1232 3732 sire
1261 3666 1395 3733 denariis

334 3802 398 3846 non
428 3780 620 3870 respondent
649 3782 760 3848 83583
788 3778 974 3859 drachmae,
1009 3791 1044 3844 ut
1072 3780 1128 3845 ille
1148 3779 1260 3860 habet,
1286 3804 1396 3847 rerum

335 3896 479 3973 334,333
500 3893 664 3972 sestertiis,
690 3891 814 3958 ridetur
831 3892 899 3983 ipse
919 3890 1107 3958 Plutarchus
1129 3893 1161 3957 in
1181 3892 1395 3984 computando

334 4027 400 4072 esse
421 4005 540 4097 lapsus,
564 4028 638 4071 nam
658 4027 724 4071 non
744 4004 879 4071 librariis
898 4004 1064 4071 tribuerim
1087 4028 1237 4072 errorem.

379 4117 608 4185 videmusne
629 4118 720 4184 naon
737 4118 836 4209 copus
855 4118 921 4184 sne
941 4116 1056 4209 quous
1076 4119 1127 4185 ver
1148 4092 1392 4186 triturantibus

320 4432 323 4439 ⁴
358 4392 377 4460 ¹)
395 4395 473 4447 vm.
501 4400 540 4445 14.
610 4392 630 4463 ²)
647 4396 705 4448 tir.
725 4396 817 4448 XXII.
845 4401 942 4457 8-103
966 4395 1034 4448 Plus.
1060 4395 1124 4448 Fat.
1142 4403 1171 4457 43
1197 4397 1246 4448 Dio
1271 4396 1339 4450 Caso.
1366 4395 1398 4446 fr.

321 4480 361 4529 57.
388 4480 410 4528 7.
