3154 5294
290 431 347 493 170
532 446 559 494 o.
581 442 821 497 cantassemus,
846 441 1014 487 nrsrnnreus
1034 425 1109 508 (36).

290 625 451 691 Beckerus
464 634 488 690 ¹.
515 621 784 689 Acommcntariis
796 643 859 687 non
872 619 1094 712 discrepabant
1104 620 1225 689 ieiunas
1234 623 1288 691 isti
1298 647 1356 689 an·

290 739 392 817 nales,
420 738 453 803 in
472 736 590 827 quibus
609 735 745 816 ἀκριβῶς
768 733 898 824 quidem
916 733 969 799 sed
989 737 1214 816 κεφαλαιωδῶς
1237 737 1356 827 optima

290 874 436 942 quaeque
459 844 641 926 notarer'at,
665 848 786 938 absque
816 848 881 913 ulla
909 846 1143 937 disputatione,
1170 847 1255 914 unde
1275 851 1354 916 Tul·

290 965 394 1030 lianae
424 962 573 1054 querelae
604 961 665 1028 hoc
695 984 794 1051 genus
821 961 1011 1051 scriptorum
1043 983 1200 1028 summam
1227 963 1383 1052 laudem

291 1077 478 1144 brevitatem
507 1075 688 1143 credidisse.
743 1074 842 1139 Recte
875 1087 981 1141 autem
1005 1074 1157 1141 Krausius
1180 1098 1280 1168 nugas
1303 1099 1358 1143 ex·

289 1190 386 1281 plosit
415 1212 548 1269 eorum,
583 1188 638 1279 qui
667 1186 790 1253 diverso
817 1187 874 1252 illo
894 1187 1023 1253 nomine
1042 1186 1164 1257 diversa
1188 1212 1285 1279 opera
1305 1193 1357 1255 in·

290 1303 496 1393 telligcbant,
530 1303 593 1369 acsi
623 1313 751 1392 praeter
779 1302 931 1369 Annales
966 1299 1140 1367 secundum
1177 1302 1357 1393 Appianum

291 1418 486 1484 Historiam
503 1439 616 1481 rernm
635 1416 937 1481 Hannibalicarnm
957 1435 1086 1503 quoque
1107 1415 1288 1505 scripsisset.

340 1527 428 1596 Olim
464 1529 565 1595 Fabio
602 1528 681 1594 falso
716 1528 939 1593 tribuebantur
968 1539 1094 1616 praeter
1124 1528 1262 1594 Annales
1294 1529 1359 1595 duo

296 1667 408 1734 opera,
432 1664 567 1732 quorum
597 1639 756 1707 lohannes
779 1641 902 1707 Annius
922 1637 1128 1705 viterbiensis
1151 1654 1261 1708 auctor
1281 1641 1360 1723 fuit,

294 1755 346 1821 cui
379 1755 506 1821 Vossius
543 1778 597 1821 sua
631 1753 789 1827 reddidit3
821 1751 902 1818 alter
935 1763 982 1817 est
1015 1751 1164 1818 Libellus
1191 1755 1233 1820 de
1259 1779 1363 1823 nureo

294 1870 427 1935 saecrelo
453 1872 523 1934 sive
551 1867 681 1933 Italiae
706 1867 804 1931 relus
822 1874 902 1930 ante
920 1862 1059 1930 Romam
1085 1866 1270 1946 eonditum,
1295 1892 1360 1959 quo

283 1992 476 2073 vpersecutus
502 1992 570 2047 erat
595 1979 652 2045 ille
672 1978 846 2067 mythicam
867 1979 958 2044 istam
980 2000 997 2041 a
1018 1976 1098 2043 lano
1123 1978 1199 2046 inde
1227 1981 1359 2072 eiusque

293 2095 431 2162 adventu
452 2093 485 2158 in
506 2092 629 2159 ltaliam
650 2093 831 2170 historiam;
855 2090 1275 2161 etLa'dellnsdeIlomunae
1290 2095 1360 2164 Ur·

295 2210 350 2274 dis
370 2212 518 2299 origine,
542 2207 633 2272 cuius
656 2217 880 2296 argumentum
902 2203 1018 2270 desinit
1039 2204 1072 2269 in
1092 2227 1171 2295 pace
1191 2206 1275 2273 inter
1293 2209 1360 2274 Ro·

294 2320 421 2388 mulurn
440 2332 472 2386 ct
493 2319 600 2386 Titum
623 2318 748 2385 Tatium
769 2318 848 2384 inita
867 2340 951 2382 anno
968 2328 1091 2384 octavo.
1138 2317 1256 2385 Itidem
1281 2320 1359 2386 Vos·

294 2435 357 2501 sius
387 2456 526 2500 errorem
554 2430 691 2521 Pigbii²
721 2431 891 2510 indicarit3
913 2430 1081 2519 scripserat
1100 2429 1157 2497 ille
1177 2430 1284 2498 adbuc
1304 2456 1360 2500 er-

291 2561 372 2615 stare
389 2547 481 2614 Fabii
496 2546 613 2636 scripta
630 2567 732 2635 eaque
749 2567 767 2610 a
786 2542 916 2632 Sigonio
934 2564 1001 2609 esse
1018 2542 1119 2623 lecta,
1134 2543 1187 2609 sed
1201 2545 1360 2614 intellexit

293 2661 477 2752 Campensis
497 2659 537 2724 dc
557 2660 689 2724 Pictoris
710 2657 885 2723 Annalibus
907 2656 992 2746 quod
1015 2655 1056 2721 de
1079 2656 1223 2747 dppiano
1242 2682 1360 2726 monu-

291 2787 358 2842 erat
375 2773 536 2862 Sigonius;
560 2773 586 2836 si
603 2770 666 2835 iam
679 2770 855 2836 Harlessius
873 2769 1073 2834 huiusrerba
1084 2769 1226 2858 legisset,
1242 2795 1306 2837 non
1324 2773 1359 2838 iu

290 2910 420 2980 praram
439 2884 653 2976 suspicionem
672 2883 819 2974 delapsus
838 2893 934 2960 esset,
950 2881 1081 2973 Sigania
1099 2882 1271 2950 tribuenda
1289 2908 1358 2953 esse

292 3000 454 3091 supposita
475 2999 551 3075 ista,
576 3021 647 3063 narn
669 3020 733 3063 non
755 2997 804 3062 illi
823 3008 890 3064 erat
911 2994 973 3062 hoc
994 2995 1231 3087 imputandum.

368 3184 440 3271 §8.
485 3179 692 3269 Fragmenta
716 3177 900 3244 Annalium
927 3176 966 3265 Q
990 3177 1092 3241 Facti
1113 3158 1276 3244 Platoris.

338 3338 406 3403 lam
427 3359 465 3402 eo
486 3334 706 3425 pervenimus,
730 3346 766 3399 nt
785 3356 886 3425 pauca
907 3334 965 3400 ista
976 3356 1211 3416 recenseamus,
1229 3359 1310 3427 quae
1320 3359 1360 3402 ex

291 3451 396 3543 prisco
425 3448 559 3514 Pictoris
587 3470 682 3536 opere
712 3458 838 3537 tempus
869 3448 960 3513 nobis
984 3449 1120 3514 serrarit
1143 3449 1227 3540 apud
1257 3450 1359 3517 varios

291 3562 459 3651 scriptores
479 3556 634 3648 dispersa,
658 3558 721 3623 sire
741 3558 791 3623 illi
811 3556 1033 3649 descripserint
1051 3559 1091 3624 ad
1112 3561 1246 3627 verbum
1271 3562 1360 3630 locos

292 3674 468 3751 Fabianus,
491 3671 555 3737 sire
572 3669 659 3759 quod
679 3669 853 3736 tradiderat
870 3672 945 3752 ille,
965 3674 998 3737 in
1019 3695 1129 3738 eorum
1151 3675 1266 3765 scripta
1285 3699 1361 3742 mu·

289 3788 363 3855 tatis
390 3782 551 3851 mutandis
579 3784 763 3850 manaverit.
804 3781 923 3851 Omnes
949 3786 1004 3875 qui
1039 3784 1104 3852 huc
1125 3786 1209 3853 trabi
1227 3803 1362 3878 possunt

294 3913 390 3992 atque
413 3898 533 3965 debent
552 3896 641 3963 locos
661 3897 809 3977 afferam3
833 3921 897 3964 non
917 3898 1004 3989 quod
1025 3899 1168 3966 nondum
1190 3901 1275 3967 edita
1296 3904 1362 3970 sint

292 4015 470 4104 fragmenta
494 4010 670 4089 Pictorum,
694 4033 767 4077 nam
789 4009 897 4078 hercle
919 4035 985 4078 non
1004 4013 1046 4078 ita
1067 4026 1133 4093 est,
1157 4016 1280 4106 saepius
1300 4016 1363 4082 riri

292 4126 380 4193 docti
404 4148 440 4191 ea
462 4125 496 4190 in
519 4123 663 4190 ordinem
682 4124 882 4214 collegerunt
903 4137 935 4191 et
955 4125 1078 4216 publici
1098 4128 1175 4195 iuris
1195 4128 1361 4210 fecerunt,

290 4261 426 4331 quarum
446 4237 625 4305 editionum
643 4239 823 4328 catalogum
839 4239 955 4321 mitto,
979 4263 1019 4307 ue
1036 4241 1070 4307 iu
1089 4241 1363 4334 bibliograpbiam

322 4481 541 4552 ultuantes
561 4489 592 4536 41
613 4501 638 4536 n.
660 4487 690 4536 :a
709 4485 736 4537 iu
754 4487 812 4538 fine.
880 4481 901 4551 2)
919 4484 956 4536 11.
978 4489 1034 4536 tta.
