3212 5294
325 435 608 518 1113333311.
631 433 699 494 457.
721 433 741 514 §
765 435 811 495 15.
833 453 888 497 333
910 454 1037 497 cossura
1060 437 1128 498 458.
1211 439 1271 499 273

476 679 493 761 §
521 681 571 740 15.
618 677 690 742 Pro
711 678 842 741 consule
867 681 931 745 458
960 692 982 745 ¹.

243 858 373 923 Veteres
404 857 550 922 consules
579 857 655 922 iussi
683 870 757 923 sunt
783 859 816 923 in
842 857 974 924 Samnio
1001 859 1123 927 bellum
1150 882 1260 950 gerere

194 984 366 1065 prorogato
393 971 426 1036 in
457 994 508 1036 sex
537 993 661 1035 menses
683 972 828 1062 imperio.
876 972 1039 1039 lluahhius
1071 997 1135 1039 non
1160 974 1263 1041 credit

195 1086 368 1177 imper-ium
394 1086 431 1151 iis
453 1107 518 1150 esse
541 1096 766 1174 prorogatum,
791 1108 849 1151 nec
872 1086 970 1152 fidem
991 1086 1088 1152 hebet
1111 1086 1262 1154 Livianae

197 1198 387 1277 narrationi,
402 1198 538 1263 Fabium
556 1220 643 1263 nunc
661 1222 791 1289 quoque
810 1213 961 1280 certasse,
980 1224 1019 1267 33
1037 1201 1149 1267 consul
1162 1203 1262 1267 fieret.

199 1313 286 1378 11333
313 1336 331 1376 3
361 1311 452 1375 Livio
483 1321 574 1375 aucte
599 1334 666 1376 esse
687 1313 834 1377 nonnihil
855 1325 887 1378 et
909 1337 946 1380 33
968 1315 1095 1403 ingenio
1117 1316 1264 1406 suppleta

199 1425 284 1492 hund
305 1425 486 1502 abnuerim,
511 1447 618 1490 rerum
644 1448 714 1490 earn
735 1427 836 1517 ipsam
858 1427 900 1491 ob
918 1449 1044 1493 causam
1066 1429 1187 1494 nullam
1206 1429 1264 1493 tri·

199 1539 266 1604 buo
293 1538 390 1604 fidem
422 1536 551 1602 Aurelio
583 1537 722 1617 Victori,
754 1539 794 1604 ad
818 1562 915 1630 quem
939 1554 1092 1631 provocat
1115 1542 1187 1621 ille3
1212 1540 1265 1606 hic

199 1652 296 1718 tradit
313 1651 448 1717 Fabium
467 1650 605 1714 noluisse
622 1653 736 1717 iterum
756 1675 918 1718 censorem
937 1654 1022 1731 fieri,
1041 1655 1160 1744 quippe
1178 1656 1265 1745 quod

197 1788 263 1831 non
292 1763 342 1830 er
358 1785 417 1829 usu
444 1763 639 1853 reipublicae
666 1776 756 1830 esset.
803 1763 866 1831 Sed
895 1765 973 1831 hoec
993 1767 1033 1831 ab
1055 1769 1115 1832 isto
1137 1780 1267 1832 auctore

202 1877 299 1942 mixta
328 1899 394 1942 esse
421 1877 569 1942 videntur
590 1889 626 1942 ut
648 1890 752 1944 cetera
773 1880 894 1959 omnio,
919 1903 1000 1970 qnae
1021 1880 1105 1970 apud
1127 1880 1267 1946 eundem

199 1989 241 2055 de
269 1990 421 2055 Bulliano
452 1991 594 2079 legimus.
641 1991 738 2057 Miror
763 1993 860 2081 igitur
892 1993 1073 2059 Heehbium
1103 1994 1268 2083 opinatum

200 2102 280 2169 haec
303 2116 335 2169 et
359 2102 577 2168 huiuscemodi
598 2104 691 2194 plura
712 2127 749 2171 ex
769 2105 895 2170 Pictore
915 2106 1059 2185 fluxisse,
1084 2130 1156 2172 narn
1179 2106 1268 2196 qnod

202 2215 313 2280 Victor
343 2214 461 2279 alicubi
488 2213 528 2278 de
557 2215 724 2279 consulatu
750 2215 868 2304 legerat
890 2215 929 2279 ad
952 2238 1117 2281 censorem
1139 2217 1267 2296 retulit,

201 2341 236 2394 ut
265 2326 443 2418 triumphos
472 2351 602 2418 quoque
631 2328 747 2393 mirum
773 2328 805 2392 in
834 2326 967 2394 modum
994 2328 1151 2395 confudit.

247 2440 282 2506 si
301 2464 382 2531 opus
398 2452 460 2518 est,
486 2453 521 2504 ut
541 2441 632 2506 nobis
652 2462 811 2506 sumamus
832 2442 990 2532 populum
1011 2442 1133 2532 aliquid
1153 2464 1269 2507 conce-

198 2554 331 2620 dentem
361 2554 475 2631 llabio,
506 2553 597 2617 ouius
625 2553 820 2618 adversarius
841 2555 954 2619 consul
974 2566 1040 2620 erat
1060 2554 1181 2633 factus,
1204 2576 1270 2620 non

200 2665 429 2733 recurrendum
459 2686 525 2731 esso
556 2663 682 2729 ridetur
705 2662 744 2727 ed
766 2664 839 2728 ficta
860 2663 916 2728 ista
936 2663 977 2728 eb
997 2662 1170 2742 historicis,
1194 2687 1269 2729 narn

199 2780 241 2846 ad
269 2803 399 2846 menum
424 2791 471 2843 est
498 2778 692 2868 prorogatio,
716 2799 814 2866 quam
834 2775 882 2840 bis
900 2776 1043 2842 Rulliani
1063 2777 1201 2843 fautores
1222 2779 1270 2844 illi

199 2903 440 2967 concesserunt,
470 2912 570 2978 quum
602 2887 724 2977 Appius
743 2886 911 2951 consulatu
932 2886 1128 2977 fungeretur.
1175 2887 1270 2972 Quod

200 3006 319 3074 deinde
346 3002 511 3069 lleelrhius
540 3001 647 3067 attulit
672 2999 710 3064 ad
731 2999 959 3090 proconsulum
980 3000 1197 3089 expeditiones
1218 3026 1269 3068 re·

202 3117 373 3196 lellendas,
406 3139 472 3182 rem
502 3137 567 3180 non
595 3114 744 3192 conficit,
768 3114 801 3177 ni
823 3113 931 3192 fallor3
957 3125 1047 3202 urget
1067 3136 1182 3204 nempe
1202 3121 1270 3205 hp·

190 3299 194 3305 ,
202 3232 291 3322 pium
313 3228 483 3297 Claudium
506 3249 578 3292 cum
597 3226 723 3315 legione
744 3225 846 3316 prime
868 3238 899 3289 et
921 3237 1031 3313 quarte
1051 3225 1084 3288 in
1109 3227 1270 3294 Etruriam

201 3342 383 3435 profectum
412 3363 494 3417 esse,
522 3338 678 3425 collegam
702 3357 775 3400 cum
796 3334 933 3401 secunde
954 3346 985 3400 et
1007 3335 1101 3400 133113
1121 3335 1154 3400 13
1177 3335 1271 3403 Sam-

203 3457 312 3535 nium,
327 3477 387 3520 nec
406 3452 552 3518 habuisse
573 3450 780 3541 proconsules
800 3449 876 3514 elius
894 3449 1033 3539 legiones
1052 3461 1178 3539 praeter
1190 3451 1270 3518 illas.

205 3571 246 3634 ht
265 3568 351 3633 haud
369 3567 436 3631 scio
459 3589 498 3631 un
521 3563 596 3629 13113
615 3585 650 3628 33
665 3584 738 3629 1313
756 3563 875 3653 scripto
896 3561 1043 3626 mandute
1064 3563 1200 3642 fuerint,
1224 3565 1268 3630 ita

202 3694 240 3747 ut
262 3680 342 3748 haec
362 3701 492 3770 quoque
507 3676 665 3742 historicis
681 3674 864 3755 tribuerim,
889 3698 953 3740 non
969 3698 1043 3740 reru
1060 3699 1112 3741 eas
1128 3677 1268 3767 legiones

201 3794 361 3886 profectas
377 3791 520 3870 credam,
539 3790 678 3880 denique
691 3788 837 3878 suppleta
854 3788 1002 3854 ridentur
1018 3788 1076 3854 ista
1088 3790 1128 3854 eb
1139 3790 1195 3869 iis,
1212 3791 1269 3879 qui

200 3904 561 3997 scripserant-consules
582 3903 653 3967 illus
674 3901 848 3990 suscepisse
863 3902 1094 3991 expeditiones,
1113 3927 1191 3992 quas
1208 3904 1269 3968 alie

203 4019 288 4085 lama
305 4017 551 4110 proconsulibus
571 4014 750 4094 tribuebat,
774 4026 809 4078 ut
829 4013 936 4080 Livius
956 4015 1072 4080 diserte
1092 4028 1235 4082 testator.

248 4132 364 4198 Decius
393 4128 605 4219 Murgantiam
633 4127 886 4217 Romuleamque
905 4127 1027 4216 cepisse
1052 4128 1167 4208 fertur,
1191 4128 1268 4195 dum

204 4245 259 4311 alii
280 4258 390 4311 contra
409 4253 554 4309 auctores
573 4240 612 4305 ad
633 4241 766 4306 Fabium
786 4238 954 4305 trahebant
974 4240 1181 4307 Ferentinum
1202 4242 1268 4307 Ro·

233 4491 252 4560 1)
270 4493 327 4544 Lir.
347 4491 381 4542 X.
404 4497 443 4555 17,
464 4496 504 4542 18.
