3194 5302
223 450 250 501 c.
261 449 366 495 sinsus
377 449 407 496 ns.
418 449 445 495 n.
457 451 485 495 s.
497 448 525 495 n.
538 427 763 513 msunsnusffi).
783 426 844 511 §u
856 446 959 491 enses.
971 431 1136 495 unn1s292.
1198 431 1238 493 59

174 637 300 705 cuntur,
322 626 488 693 sedulium
509 625 644 693 Romani
660 625 727 715 egri
745 636 867 715 postem
887 624 1052 704 invasisse,
1076 625 1140 692 imo
1160 648 1234 693 mox

174 739 287 807 infesto
313 739 437 829 agmine
463 737 501 803 sd
526 737 645 805 Urbem
677 759 769 806 ruere
798 736 976 803 traduntur.
1025 736 1113 822 Quae
1133 738 1237 828 suspi-

172 851 294 917 cionem
318 862 447 918 movent
458 851 619 919 Romanos
636 850 676 917 ub
689 849 806 941 Aequis
823 849 880 916 itto
896 849 1021 941 proelio
1037 872 1104 918 esse
1123 851 1236 928 victos,

172 975 202 1029 et
221 963 265 1029 sic
284 962 460 1053 profligatis
483 961 634 1028 Romanis
652 982 813 1028 sumntum
830 960 928 1029 fuisse
946 973 1112 1040 terrorem,
1132 973 1167 1027 ut
1188 961 1237 1031 vel

174 1077 313 1145 intentur
342 1074 499 1148 historici.
533 1076 590 1165 qui
618 1073 743 1141 addunt
772 1074 930 1143 iustitium
963 1097 1030 1141 esso
1058 1073 1236 1152 indictum,

172 1188 258 1281 quod
281 1188 307 1255 si
327 1189 435 1255 locum
453 1185 566 1264 hebet,
584 1186 706 1253 Romae
721 1186 951 1277 aliquantisper
967 1186 1159 1277 trepidntum
1179 1196 1234 1251 est.

173 1301 264 1386 Quod
284 1299 402 1368 deinde
422 1299 595 1369 subiiciunt
613 1298 746 1367 Fabium
769 1300 802 1366 in
823 1299 951 1391 Aequos
970 1300 1237 1391 prnedsonustcs

174 1414 320 1482 incidisse
341 1412 543 1504 impeditiore
571 1412 695 1502 agmine
719 1410 919 1491 incedentes,
946 1437 983 1481 es
1005 1412 1123 1503 quibus
1143 1412 1238 1501 ponci

173 1526 355 1603 euasissent,
374 1538 460 1595 recto
478 1523 674 1593 Niebuhrius
692 1535 701 1574 ¹
725 1525 877 1616 explosit,
897 1525 950 1593 cui
968 1525 1138 1605 essentium
1155 1546 1238 1614 quo·

172 1638 268 1707 modo
299 1639 384 1704 enim
414 1638 517 1728 Aequi
544 1639 611 1707 ansi
631 1650 735 1705 essent
754 1638 935 1705 Romanum
962 1662 1071 1729 opum
1092 1637 1239 1729 depopo-

175 1755 250 1833 lnri,
265 1775 406 1842 quorum
426 1751 491 1818 duo
510 1752 665 1819 exercitus
682 1750 722 1818 sd
737 1774 868 1819 monum
886 1763 991 1829 erunt,
1007 1751 1093 1843 quod
1106 1751 1240 1819 simulac

176 1865 322 1933 consules
339 1865 504 1943 vidissent,
520 1864 783 1956 populationibus
803 1864 899 1931 finem
920 1865 1157 1956 imposuissent,
1170 1865 1240 1955 opi·

176 1998 249 2055 uor;
283 1975 365 2041 sicut
401 1996 486 2041 nuno
519 1974 601 2043 illud
636 1975 753 2066 legitur
783 1978 968 2067 praesertim
998 1977 1084 2067 opud
1118 1973 1241 2066 Diony-

174 2091 270 2169 sium,
299 2086 575 2161 accommodatum
607 2100 654 2155 est
684 2088 814 2179 ingenio
841 2089 1002 2169 Romano,
1033 2089 1088 2157 sed
1114 2112 1177 2157 nnn
1199 2091 1241 2159 iu

174 2225 239 2267 rem
271 2199 422 2266 occidisse
451 2201 501 2269 uix
530 2200 654 2267 dubito.
706 2202 839 2291 Saepius
875 2213 981 2268 cutem
1011 2214 1084 2292 post
1118 2202 1243 2271 eisdem

176 2315 311 2381 Romani
339 2314 457 2404 proedo
481 2314 586 2380 onusti
605 2313 734 2383 rediisse
756 2312 939 2392 tonduntur,
966 2313 1052 2406 quod
1074 2315 1119 2381 sic
1138 2316 1242 2406 expli·

175 2428 314 2502 cuerim,
334 2426 512 2493 othelium
534 2427 600 2493 sine
619 2426 736 2517 praedo
756 2449 856 2516 quum
878 2427 1005 2493 nullum
1026 2428 1092 2516 geri
1116 2441 1242 2519 posset,

178 2540 236 2605 hoc
259 2538 359 2606 modo
385 2562 443 2630 pro
463 2540 555 2606 oiode
573 2540 737 2607 indemnes
757 2539 834 2606 fncti
854 2563 920 2606 osse
939 2553 1110 2629 ponuntur.
1142 2541 1241 2608 Deni-

175 2678 240 2744 que
258 2653 322 2719 hoc
343 2676 445 2731 enno,
469 2654 604 2720 lustrum
625 2652 670 2721 XI
692 2653 858 2721 conditum
880 2665 939 2721 est.

415 2828 433 2911 §
461 2829 488 2890 4.
534 2824 735 2914 Praefectus
763 2824 865 2893 Urbis
889 2830 953 2892 292
975 2838 999 2894 ².

225 2990 332 3075 Quum
352 2989 448 3057 umbo
468 2991 615 3057 eonsules
635 3004 746 3057 contra
763 2991 895 3058 Volscos
913 3016 980 3059 rem
1001 3007 1146 3083 gerentes
1167 2996 1244 3063 obe·

180 3115 267 3183 rent,
300 3126 360 3169 nec
391 3102 475 3171 Urhs
502 3103 571 3169 sine
596 3105 783 3193 magistratu
807 3129 874 3172 esse
893 3116 1034 3196 poterat,
1066 3106 1102 3191 Q.
1127 3110 1244 3176 Fabius

179 3216 354 3282 consularis
373 3216 454 3283 Urbi
471 3216 625 3307 praefuit,
646 3218 728 3285 sicut
746 3217 856 3285 Livius
880 3217 991 3297 trodit3
1015 3219 1100 3308 apud
1122 3221 1245 3310 Diony·

182 3328 261 3395 sium
281 3340 393 3394 contro
413 3330 529 3419 iegitur
546 3329 723 3412 φυλάττειν
748 3332 803 3405 τὴν
828 3330 918 3395 πόλιν
943 3330 1068 3404 Κόϊντος
1095 3335 1245 3416 Φούριος

180 3442 254 3523 ἀνὴρ
279 3441 441 3516 ὑπατικός.
481 3441 582 3525 Quom
610 3442 748 3509 nominis
778 3442 1025 3533 discrepantiam
1045 3458 1176 3536 propter
1194 3471 1244 3514 so·

180 3553 320 3620 lemnem
348 3552 462 3621 horum
493 3555 683 3645 scriptorum
712 3555 967 3623 convenientiam
998 3552 1113 3623 tollere
1139 3561 1246 3625 consti

182 3681 255 3734 sunt
276 3669 334 3735 viri
354 3667 442 3734 docti
459 3670 600 3759 legentes
620 3668 744 3742 Kd'usoc
768 3668 907 3748 Φάβιος,
933 3692 1029 3759 quam
1048 3669 1247 3737 emendatio·

182 3804 255 3848 nem
276 3782 392 3849 ductus
409 3782 587 3851 litterarum
607 3808 629 3848 a
648 3794 681 3848 et
700 3809 716 3849 s
734 3803 770 3849 ac
789 3792 811 3847 B
833 3793 866 3849 et
886 3793 908 3846 P
928 3782 1102 3873 permittit,
1128 3805 1169 3849 ne
1196 3783 1247 3849 di·

182 3914 252 3959 cum
282 3894 402 3962 suadet.
451 3895 595 3986 Uterque
622 3894 709 3961 enim
738 3893 778 3960 de
803 3894 914 3963 endem
937 3917 972 3961 re
992 3894 1078 3962 idem
1104 3896 1247 3987 scripsit3

184 4004 352 4095 Dionysius
382 4006 477 4072 trudit
507 4005 668 4075 delectum
698 4026 765 4075 esse
793 4005 939 4074 habitum
966 4007 1111 4075 omnium
1136 4008 1246 4099 quiin

184 4131 283 4186 aetate
311 4119 443 4186 militari
472 4131 562 4186 erent
589 4122 771 4209 (lt-60),
805 4117 885 4191 duos
914 4121 1068 4190 exactius
1099 4121 1248 4189 adsersus

188 4229 287 4299 hostes
306 4233 465 4324 proiectos
486 4256 552 4299 esse
572 4255 681 4301 eorum
697 4233 756 4323 qui
775 4236 904 4301 17-45
921 4247 1026 4314 eraut,
1042 4235 1173 4302 tertium
1190 4235 1246 4325 qui

215 4480 235 4551 ¹)
252 4481 285 4535 R,
306 4482 336 4538 G.
354 4485 391 4536 IL
410 4489 470 4536 eet.
523 4481 543 4551 ²)
561 4485 617 4537 Liv.
635 4486 687 4536 111.
705 4489 730 4547 8,
750 4489 778 4544 9;
796 4484 872 4536 Dion.
890 4484 951 4537 Hei.
969 4485 1018 4537 IX.
1039 4488 1080 4548 69,
1099 4483 1133 4536 X.
1158 4488 1180 4536 l.
