3190 5304
330 440 390 503 382
471 460 498 509 o.
520 456 622 501 ruerus
641 458 670 507 o.
691 456 719 500 r.
740 457 768 507 o.
789 456 818 499 rc
839 453 969 499 rrrxrrrus
990 445 1166 500 sasrnrtnus
1186 437 1262 522 (48).

333 632 482 701 Ciceroni
503 645 530 712 ¹,
554 632 610 698 ubi
628 630 773 698 Laelium
792 629 916 699 inducit
934 641 1114 698 narrantem
1135 630 1323 699 Africanum
1339 655 1401 700 eo·

331 747 427 815 luisse
442 747 571 814 fratrem
587 768 680 812 suurn
702 744 762 811 sibi
779 767 981 836 nequaquam
996 767 1103 834 parem
1121 756 1285 836 tamquam
1303 768 1398 837 supe·

332 862 464 938 norem,
496 858 584 950 quod
611 859 637 924 is
668 858 803 924 anteiret
833 870 950 937 aetate,
983 868 1015 924 et
1035 856 1123 948 quod
1141 858 1210 925 aliis
1229 860 1398 926 excelleret

334 971 517 1052 virtutibus,
540 973 574 1038 ni
598 971 703 1038 fallor.

381 1085 443 1171 Qui
454 1109 556 1177 quum
567 1084 789 1152 huiuscemodi
799 1107 959 1151 sermones
975 1084 1061 1150 inter
1078 1105 1110 1149 se
1129 1082 1314 1163 habuerint,
1332 1084 1398 1151 lide

334 1197 554 1287 dignissimum
575 1219 640 1263 esse
663 1196 789 1263 ridetur
808 1196 894 1286 quod
915 1195 955 1262 de
976 1195 1186 1261 Aemiliorum
1209 1208 1399 1287 paupertate

333 1310 401 1376 fere
423 1309 555 1376 dixerim
577 1311 701 1401 scripsit
721 1310 873 1386 Polybius
894 1322 923 1378 ²:
946 1309 1081 1377 Paulum
1104 1332 1219 1400 nempe
1238 1311 1284 1376 nil
1301 1311 1399 1402 quid·

335 1447 433 1514 quarn
458 1423 519 1488 sibi
545 1447 716 1490 reservasse
736 1448 773 1489 ex
794 1428 976 1515 ingentibus
996 1424 1131 1502 divitiis,
1155 1447 1233 1514 quas
1254 1448 1290 1490 er
1311 1424 1400 1491 bello

336 1535 543 1603 Macedonico
562 1538 594 1602 in
611 1538 766 1604 aerarium
787 1538 942 1616 eontulit,
965 1560 1047 1628 quae
1068 1550 1157 1603 erant
1176 1538 1272 1619 χωρὶς
1292 1562 1400 1603 soro-

331 1657 444 1724 σκευῆς
466 1648 519 1714 καὶ
540 1650 694 1731 χορηγίοις
716 1652 786 1717 euri
805 1652 991 1741 argentique
1011 1651 1085 1741 plus
1105 1670 1201 1740 quam
1223 1672 1275 1716 sex
1295 1650 1400 1716 millia

332 1762 467 1843 talenta,
500 1764 545 1828 ita
579 1774 614 1829 ut
646 1778 719 1854 post
752 1777 889 1833 mortem
920 1765 1084 1856 suppellex
1114 1763 1241 1831 vendita
1273 1763 1400 1828 menei·

332 1877 451 1968 piaque
482 1899 547 1943 nou
575 1876 776 1959 suffecerint,
809 1891 844 1946 ut
875 1884 917 1945 25
952 1879 1072 1946 talenta
1102 1877 1312 1944 redderentur
1339 1875 1398 1941 dos

333 1990 423 2056 uxori
443 1990 528 2071 eius,
552 1991 643 2080 atqui
666 1992 733 2080 agri
762 2014 892 2082 quoque
911 1993 1077 2059 venierint.
1126 1990 1278 2058 Universa
1302 1988 1399 2055 here·

333 2102 415 2169 ditas
435 2108 478 2171 60
499 2104 618 2170 talenta
638 2118 705 2171 erat
726 2117 749 2185 ³,
770 2118 825 2172 aut
846 2117 882 2172 ut
900 2104 1117 2171 Plutarchust
1138 2104 1235 2170 tradit
1254 2105 1399 2172 370000.

334 2216 508 2284 Restabant
526 2239 601 2306 ergo
623 2217 748 2284 duobus
779 2218 853 2284 filiis
883 2223 925 2286 35
955 2217 1091 2298 talenta,
1121 2240 1219 2308 quam
1245 2218 1280 2284 L.
1305 2214 1400 2281 Pauli

333 2328 545 2396 hereditatem
569 2330 680 2397 Cicero
702 2347 715 2384 ⁶
738 2330 866 2398 dubitat
888 2343 992 2397 utrum
1015 2331 1117 2421 pluris
1135 2331 1279 2397 aestimet
1299 2352 1397 2420 quam

333 2443 477 2513 Africani
491 2445 732 2527 liberalitatem,
748 2445 803 2536 qui
821 2447 888 2512 eius
904 2444 1087 2511 hereditatis
1106 2444 1143 2529 Q
1154 2444 1293 2510 Maximo
1307 2443 1397 2508 fratri

333 2569 456 2647 partem
478 2579 567 2623 suam
589 2556 753 2624 concessit.
783 2556 911 2623 Poterat
923 2555 1026 2622 iacere
1038 2555 1120 2621 illud
1135 2553 1258 2645 Scipio,
1278 2555 1398 2646 quippe

335 2672 391 2761 qui
420 2693 477 2759 per
507 2671 723 2763 expeditiones
750 2694 822 2736 suas
850 2670 935 2737 baud
964 2672 1010 2737 ita
1037 2692 1137 2761 pauca
1167 2670 1227 2736 sibi
1256 2671 1398 2762 college·

334 2795 392 2848 rat.
449 2780 557 2872 Scipio
592 2782 703 2849 itidem
738 2784 903 2850 dimidiam
936 2785 1096 2875 impensae
1130 2785 1251 2851 funeris
1288 2785 1398 2865 solvit,

337 2918 419 2986 quae
446 2918 511 2960 non
539 2895 623 2961 infra
653 2902 697 2965 30
724 2899 842 2964 talenta
862 2899 961 2966 luisse
979 2899 1115 2966 traditur
1132 2912 1265 2990 propter
1284 2898 1397 2979 indm,

331 3006 537 3100 gladiatores,
560 3020 622 3074 eet.

532 3168 550 3252 §
575 3170 605 3232 3.
653 3165 799 3257 legatus
822 3167 873 3231 ad
891 3166 1055 3232 Prusiam
1079 3170 1144 3233 600
1170 3178 1194 3233 ⁸.

378 3348 467 3415 Inter
494 3349 689 3439 legationum
717 3363 884 3438 excerpta,
917 3371 1000 3440 quae
1024 3348 1062 3414 ad
1089 3372 1145 3414 nos
1163 3362 1396 3438 pervenerunt,

332 3488 369 3532 ea
400 3486 531 3554 quoque
563 3474 681 3542 exstat,
715 3484 779 3554 qua
807 3463 924 3528 Fabius
954 3475 1063 3529 noster
1090 3463 1219 3529 iunctus
1245 3475 1293 3529 est
1321 3486 1396 3529 eum

334 3575 371 3645 L.
396 3578 525 3658 Anicio,
551 3575 585 3644 G.
603 3577 725 3643 Fannio
743 3589 774 3642 et
792 3589 914 3667 septem
931 3575 1017 3656 aliis,
1034 3599 1114 3667 quos
1131 3578 1254 3643 senatui
1270 3578 1396 3644 mittere

332 3691 451 3781 placuit
470 3690 510 3756 ad
533 3689 675 3755 Attalum
696 3713 802 3781 regem
824 3689 1040 3781 Prusiamque.

383 3804 509 3871 Attalus
534 3803 591 3868 ille
621 3803 721 3868 Attali
750 3804 836 3869 filius
868 3817 951 3883 erat,
974 3804 1056 3894 regis
1086 3804 1249 3894 Pergami,
1283 3803 1397 3895 quiin

334 3916 444 3983 multis
465 3916 534 3980 aliis
555 3915 598 3980 sic
619 3915 650 3978 in
673 3913 734 3978 hoo
756 3937 886 4005 quoque
905 3926 1026 4004 patrem
1048 3927 1094 3980 est
1117 3915 1277 3995 imitatus,
1307 3914 1397 4006 quod

334 4029 506 4094 amicitiam
537 4048 608 4092 curn
639 4025 791 4090 llomanis
824 4025 1036 4092 fidelissimam
1066 4029 1251 4108 servaverit,
1285 4040 1321 4093 ut
1350 4028 1395 4094 sie

334 4153 422 4208 tutus
438 4151 518 4207 esset
533 4164 552 4204 a
569 4138 713 4203 finitimis
731 4136 840 4226 Syriae
858 4138 1129 4230 Macedoniaeque
1144 4140 1283 4229 regibus;
1298 4165 1397 4232 quarn

359 4336 379 4401 ¹)
397 4334 465 4386 boel,
483 4342 513 4386 19
534 4338 549 4400 §
567 4340 608 4386 69.
661 4331 681 4400 ²)
699 4335 804 4385 XVIII.
832 4339 861 4383 18
879 4335 891 4399 0
910 4340 991 4397 4·-6,
1016 4337 1136 4388 XXXII.
1158 4339 1203 4404 80
1224 4344 1303 4398 1-5;
1326 4338 1403 4390 Diod.

324 4425 375 4475 Sic.
385 4423 490 4473 XXXI.
500 4426 542 4472 88.
582 4418 604 4485 ⁵)
620 4421 710 4486 Polyb.
720 4419 838 4469 XXXII.
852 4424 896 4479 14;
908 4420 982 4469 Diod.
992 4421 1042 4472 Sic.
1052 4422 1155 4474 XXXI.
1165 4429 1207 4475 38.
1242 4423 1263 4491 ⁴)
1280 4420 1349 4474 Aoo.
1360 4431 1405 4478 39.

325 4506 346 4577 5)
364 4506 461 4558 Parod.
478 4508 527 4560 VI.
548 4511 562 4555 2
581 4506 594 4571 0
612 4511 653 4556 48.
706 4502 726 4570 ⁶)
743 4504 834 4569 Polyb.
853 4503 985 4556 XXXIII.
1004 4509 1028 4556 6.
