3190 5304
663 407 832 451 russas,
1219 388 1279 448 453

688 580 791 648 XXII.

249 729 440 820 Ignoramus
469 731 601 821 quinam
623 729 740 795 Fabius
761 729 857 796 fuerit
876 726 1018 821 Pompeii
1036 729 1091 796 illo
1111 731 1272 811 centurio,

202 843 259 935 qui
281 867 355 910 oum
373 845 491 909 Fausto
509 841 618 910 Sullae
639 844 709 908 lilio
726 856 758 910 et
774 843 872 909 Furio
891 845 1013 934 primus
1032 843 1273 932 Hierosolymo-

201 981 273 1024 rum
290 981 416 1025 murum
434 956 597 1024 adscendit
616 957 725 1047 (691);
744 956 870 1049 loseph.
890 959 971 1025 Ant.
988 957 1065 1025 Iud.
1085 957 1169 1025 XIV.
1187 961 1217 1023 4.
1237 962 1272 1037 4,

133 1098 136 1103 ·
202 1070 276 1139 Bel.
301 1072 380 1139 Iud.
406 1071 430 1139 Ι.
455 1078 484 1140 7.
507 1076 535 1139 4.

680 1197 801 1265 XXIII.

232 1371 349 1439 'Verba
377 1373 504 1465 Iosephi
533 1375 619 1440 Bell.
651 1373 729 1440 lod.
757 1373 782 1439 1.
806 1376 856 1439 12.
880 1383 916 1437 1:
955 1373 1086 1453 Ἡρώδης
1116 1372 1148 1438 δὲ
1171 1370 1269 1454 ἔτυχε

196 1486 254 1564 μὲν
279 1487 317 1551 ὢν
340 1487 428 1568 παρὰ
455 1486 564 1569 Φαβίῳ
586 1488 628 1568 τῷ
649 1487 853 1568 στρατηγῷ
880 1485 965 1550 κατὰ
987 1484 1163 1564 Δαμασκόν
1187 1485 1270 1550 male

196 1622 284 1665 rersa
304 1611 377 1664 sunt
397 1599 431 1663 in
451 1597 527 1664 edit.
550 1598 676 1665 Didot.:
712 1599 820 1664 »Erat
849 1609 954 1663 autem
976 1597 1117 1663 Herodes
1137 1596 1270 1687 quidem

197 1736 218 1778 >r
227 1712 388 1792 Damasei,
407 1712 492 1803 apud
512 1711 648 1777 Fabium
668 1713 824 1787 ducem,·'’
833 1711 1268 1802 proffectusDamaseierat

195 1825 312 1891 Fabius
328 1825 400 1904 ille,
416 1837 447 1891 et
460 1826 654 1915 Antigonum
671 1824 847 1890 Aristobuli
861 1825 964 1890 lilium
981 1848 1116 1915 regnum
1132 1824 1268 1890 Iudaeae

194 1940 395 2005 affectantem
415 1938 553 2016 adiuvit,
577 1960 642 2028 quo
660 1960 744 2003 anno
762 1935 802 2002 ad
824 1936 989 2027 Philippos
1006 1949 1186 2028 pugnatum
1207 1949 1269 2016 est,

195 2074 269 2141 ergo
298 2055 381 2131 712,
407 2075 471 2117 nou
500 2052 559 2116 sub
589 2049 748 2129 Claudio,
773 2061 808 2114 ut
831 2048 1267 2141 Haakhiusdedit310seph.

194 2164 276 2232 Ant.
299 2163 376 2231 Iud.
400 2162 485 2230 XIV.
508 2168 558 2230 11.
579 2170 610 2242 t,
637 2166 688 2229 12.
709 2166 745 2241 1,
765 2162 852 2228 Bell.
873 2162 950 2228 Iud.
970 2164 996 2229 1.
1018 2166 1070 2229 12.
1091 2166 1121 2230 2.

672 2341 788 2408 XXIV.

240 2501 386 2568 Eundem
406 2501 543 2567 Fabium
563 2499 709 2589 intelligo
730 2497 816 2589 apud
839 2499 1007 2566 Horatium
1028 2499 1102 2567 Sat.
1120 2498 1147 2568 l.
1172 2506 1202 2568 1.
1225 2506 1266 2568 14

193 2636 290 2703 quem
313 2613 434 2679 ibidem
455 2617 485 2677 2.
511 2617 588 2690 134,
613 2612 754 2702 equitem
784 2611 875 2676 illum
899 2610 1141 2678 Narbonensem
1173 2613 1265 2689 Stoi-

190 2748 282 2806 oum,
300 2749 409 2793 verum
427 2724 602 2792 subdubito
615 2724 755 2791 fueritne
767 2723 823 2789 ille
840 2722 994 2789 Maximus
1005 2726 1262 2815 cognominatus,

192 2839 278 2930 quod
299 2838 383 2929 apud
408 2835 658 2927 Porphyriouem
685 2847 809 2901 tantum
833 2833 959 2924 legitur.

674 3016 772 3085 XXV.

234 3175 316 3242 Cum
346 3177 453 3255 Estrd,
487 3176 688 3265 Prosopogr.
717 3174 842 3241 Horat.
863 3200 895 3263 p.
921 3178 1000 3254 198,
1020 3198 1100 3264 nego
1120 3176 1257 3244 Fabium

186 3289 298 3368 illum,
322 3287 408 3379 apud
437 3287 603 3355 Horatium
634 3285 708 3351 Sat.
730 3284 756 3353 I.
778 3290 808 3353 2.
832 3290 909 3364 134,
933 3287 1029 3352 fuisse
1048 3288 1256 3355 iurisconsul-

184 3412 271 3481 tum,
296 3412 328 3466 et
356 3419 430 3467 oum
451 3399 560 3490 Haupt
577 3400 609 3463 in
631 3399 752 3465 litero.
773 3399 866 3464 Mus.
888 3401 991 3479 1843,
1014 3426 1046 3491 p.
1073 3405 1154 3483 147,
1173 3426 1254 3494 nego

184 3536 261 3579 eum
288 3512 468 3578 adulterum
497 3512 610 3592 fuisse,
633 3536 715 3604 quae
744 3525 1009 3580 commentatores
1030 3538 1067 3582 en
1087 3515 1151 3582 loei
1170 3540 1253 3584 nexu

179 3650 249 3693 non
269 3639 354 3693 recte
372 3625 539 3691 intellecto
563 3626 765 3716 collegerant.

654 3805 769 3873 xxvi.
855 3889 856 3893 p

226 3969 262 4031 Iu
293 3965 425 4030 heronis
453 3962 575 4030 scholio
601 3964 651 4029 ad
674 3963 857 4030 Horatium
876 3963 951 4033 Sat.
972 3965 998 4034 I.
1019 3971 1047 4033 1.
1069 3971 1110 4035 14
1141 3970 1246 4036 »ruit

177 4078 327 4146 »Fabius
348 4101 445 4169 eques
463 4079 624 4144 Romanus
642 4076 873 4157 Narbonensis,
905 4081 961 4170 qui
989 4081 1121 4170 aliquos
1147 4082 1246 4150 libros

175 4194 404 4283 »pertinentes
432 4191 471 4257 ad
501 4191 645 4258 Stoicam
673 4190 912 4283 philosophiam
943 4196 1164 4285 conscripsit,”
1193 4220 1246 4263 re·

173 4307 383 4373 scribendum
411 4317 457 4371 est
488 4307 637 4395 olz'quot;
674 4305 759 4373 idem
789 4306 901 4373 vitium
934 4307 1112 4376 tollendum
1136 4320 1242 4379 estex

169 4419 404 4512 Porphyrionis
422 4417 543 4487 scholio
563 4419 602 4486 ad
627 4419 713 4488 huno
735 4420 854 4489 locum.
